3139 4361
120 243 2644 182 malgre les moyens mis en oeuvre. Cependant, et mon

87 417 2899 171 recit le temoignera l'ESPERANTO etait deja etonnamment

98 559 1691 178 repandue parmi la masse que l'on

2164 563 862 174 le plus travailleurs

94 719 2888 175 industriels ou agricoles, et ce malgré l'inertie des pouvoirs

76 868 1280 171 constitués de tous les pays.

421 1028 2401 182 Les classes inférieures, étaient soit analphabêtes, en

105 1206 2739 164 tout cas on ne leur enseignait aucune langue étrangère

323 1355 2641 171 Du reste l'instruction leur était donnée le plus chiche-

54 1519 2884 170 -ment possible. J'ai quitté d'école à 11 ans, et j'etais un

94 1678 2812 171 privilegié dans la mase des prolétaires de nos campagnes.

363 1846 2517 163 Pendant mon service militaire, en 1925-27, je me

72 2013 2877 156 suis demontré à moi même, que je pouvais SEUL et SANS

50 2173 2928 149 PROFESSEUR ORAL, apprendre CORRECTEMENT une langue

72 2329 2615 174 VIVANTE qui plus est INTERNATIONALE : L'ESPERANTO

531 2485 2433 175 Bien mieux grâce a l'Esperanto ETALON modèle

109 2623 2899 186 et synthèse merveilleuse, j'ai également progressé du simple

123 2787 2826 167 au double dans l'acquisition de ma langue maternelle : le

76 2936 1720 193 français, par la seule methode

432 3118 2528 163 De plus L'ESPERANTO ma tenu ce qu'il m'avait

127 3267 2891 178 promis : la fraternisation DIRECTE, avec des ESPERANTIS-

116 3434 2906 178 -TES de peuples obscurs : inconnus à lelaisses : HONGROIS

130 3590 2692 164 TARTARES, TOUGOUSES, BOURIATES, ARMENIENS, sans compter

90 3735 2830 197 les japonais, chinois, javanais Siamois Indochinoise etc...

127 4062 1684 171 de leur propre langue maternelle

1665 4179 1033 174 par L'ESPERANTO.

2829 214 131 127 4
