3440 4353
867.0 119.0 2137.0 185.0 la fonte des neiges. Des puits publics, sérieusement

881.0 293.0 2355.0 164.0 gardes par la polué fonctionnent de-ci de-là. Mais en général

867.0 446.0 2344.0 170.0 l’eau poussée est saumâtre. Paradoxalement, le meilleurs puits

870.0 609.0 2276.0 152.0 celui qui forment l’eau la plus potable, est située à 25 ou 30

870.0 765.0 2239.0 167.0 metres dans la mer. On y accede par une estacade qui

870.0 928.0 2276.0 174.0 domine la plage : Sur cette plage, entre les averses, une

860.0 1095.0 2275.0 185.0 nué de jeunes gens et de jeunes filles s’y baignent....

867.0 1269.0 2152.0 149.0 TOUT NUS., sous l’oeil vigilant et bienveillant d’un milicien

1084.0 1414.0 2203.0 171.0 je dois preciser que les filles sont d’un coté de l’estacade

870.0 1574.0 2337.0 178.0 et les garçons de l’autre. Hier j’ai fait mine de nager du

863.0 1726.0 2362.0 167.0 coté des fille et le milicien m’a rappelé à l’ordre, qui du

860.0 1889.0 2311.0 175.0 reste n’est jamais troublé, car telles sont les moeurs des russes.

1114.0 2140.0 1944.0 156.0 J’ai visité, sur la rive "enchantée" de la mer, un

860.0 2296.0 2347.0 156.0 village de jeunes, Sur une petite colline dominant la mer

870.0 2455.0 2334.0 167.0 on a construit un village de baraquements en bois assez peu

870.0 2611.0 2352.0 167.0 confortable. C’est une colonie de vacances pour la jeunesse, mais

878.0 2775.0 2282.0 170.0 pour gagner le droit à passer quelques jours dans cette colonie

3029.0 2920.0 62.0 90.0 C

849.0 2931.0 2402.0 174.0 ils, les jeunes, doivent effectuer du travail de # (DOKER)

1150.0 3108.0 1999.0 153.0 Ces jeunes doivent remplacer une main d’oeuvre adulte

863.0 3257.0 2206.0 152.0 que l’on a envoyé en saison estivale au KAMCHATKA

838.0 3417.0 2264.0 152.0 pour mettre en valeur ce territoire, voisin de l’amérique

1106.0 3569.0 1949.0 163.0 C’est un des buts principaux du nouveau régime

921.0 3729.0 2239.0 156.0 On y construit d’abord des bases militaires et navales

772.0 3888.0 2457.0 163.0 et des complexes industriels. On y a organisé une veritable

772.0 4055.0 2504.0 149.0 migration saisonnière, de main d’oeuvre venant de toute l’union

3153.0 192.0 112.0 130.0 18
