3370 4313
999 86 2025 154 Je croise de nombreux moulins à eau qui decortiquent

884 247 2133 151 le riz, et dans les villages, les forgerons, à demi enterrés

906 395 2151 162 dans le sol, travaillent devant une forge et un souflet

917 557 2125 158 rudimentaires. Je ne trouvais que peu d'automobiles

902 722 2173 137 mais par contre beaucoup de vélos. et c'est ainsi que

913 884 2140 158 j'ateignis le bourg de TAKOSKA, ou je debarquai

899 1024 2100 165 chez le Cde FURAY. La femme de ce dernier fut

899 1196 2194 155 surprise de ma visite (et pour cause) et m'amena chez

870 1340 2197 165 Mr NARA. Le soir il me fit visiter la ville. Tous les

899 1516 2143 162 magasins regorgent de marchandise. Dans presque

877 1674 2244 133 toutes, les maisons on entend la radio, ou un phono.

330 1825 558 209 KASHVASAKI

931 1818 2176 173 le 8 aout 1930. Hier soir, j'ai couché dans un hôtel

909 1998 2140 151 où m'avait conduit Mr NARA et ce matin des les 7h.

906 2152 2161 159 j'étais de nouveau prêt à partir. et Mr NARA lui aussi

909 2332 2245 140 m'accompagna avec Mr AAMOTO, une dizaine de kilometres

1244 2469 1949 169 Toute la matinée je roule au milieu des rizières

913 2630 2273 169 et dans l'après midi j'aborde une tres mauvaise, mais

902 2785 2158 147 tres belle route en corniche au bord de la mer

909 2947 2205 161 sur une centaine de kilometres. Cette route est hélas

906 3105 2007 172 plusieurs fois coupée par les intemperies, et je me

913 3270 2234 148 debats dans les éboulis; avec mon lourd vélo. Je peux

927 3425 2155 179 dire que c'est après midi, je fais de l'alpinisme

1197 3586 1899 180 Plus de 20 fois je suis obligé de porter mon

938 3737 2093 184 vélo, au bord du précipice... Mais le coup doeil

974 3899 2032 169 vaut toutes ces peines. A ma gauche la mer

996 4072 2028 230 calme et scintillante, à ma droit, tantot la

3057 154 111 133 41
