3371 4365
1012 123 1838 164 Ces collines régulieres ressemblent à de jolis seins

1001 287 2107 174 de jeunes filles, tellement leur galbe est régulier et arrondi.

1194 451 1842 167 Le long de la route, il y a des travaux de

1008 622 2224 156 canalisation en cours. C’est toujours des femmes qui travai-

997 763 1980 168 -llent là. Quand elles font un travail d’equipe, elles

1012 934 2151 160 scandent leur rythmne par une chanson. C’est remarquable.

1237 1091 1860 163 Au village de SIRAKAVA, je suis reçu par un jeune

1012 1254 2100 153 Esperantiste de mon âge MR MASAKITCHI SHODA. Il est

997 1407 2137 164 artisan coiffeur, et il refusa de me raser, lui et tous ses

997 1564 2115 178 collégues rençontrés en cours de route, parce qu’aujourd’hui

997 1713 2210 189 le magasin est fermé: Bel exemple de solitarité professionelle.

236 1880 568 167 ATOUHOMIYA

884 1866 2188 192 le 19-8-30. Pour la premiere fois hier, j’ai remarque

953 2040 2195 160 un troupeau de vaches, avec un superbe taureau, dans

942 2189 2137 179 un petit bois de sapin.. J’en ai été surpris. En effet.

964 2353 2115 182 je ne sais encore pas, comment les japonais labourent.

1110 2502 2140 197 Mais ce que je remarque v qu’ils sont maitres jardiniers

2042 2498 178 95 c’est

928 2666 2242 185 et décorateurs de parcs. Aujourd’hui je roule au mlieu

935 2819 2283 211 de ces parcs et jardins magnifiques, plantés harmonieu.

906 2997 1995 163 -sement, de beaux arbres soigneusement entretenus.

1259 3153 1882 168 Comment dis-je labourent-ils ? Dans ces petites

928 3313 2257 168 parcelles, on conçoit mal un travail animal ou mécanisé

1077 3451 1940 201 En toute façon il faudra toujours entretenir les

931 3622 2185 179 levées de terre et les fossés d’irrigation, dans des terrains

935 3801 2177 156 emminemment boueux. où, les mouvements d’un tracteur

913 3935 2093 193 sont aléatoires. Quoi qu’il en soit, je n’ai encore vu

931 4092 1912 265 ni animaux de trait, ni tracteu, ni brouettes.

3079 189 117 160 12
