3362 4365
920 72 1910 149 Des hommes torse et pieds nus prennent les

764 210 2201 190 petites gerbes par la paille et à bras raccourcis frappent

778 367 2158 185 les épis dans de petites caissettes en bois légèrement

789 534 2292 175 obliques. Ainsi le grain est recueilli dans le bas et mis

782 687 2430 200 en sacs. au fur et à mesure. Une fois de plus, je souligne

818 854 2322 189 que je n'ai jamais vu ce travail fait par des amimaux ou

789 1014 961 171 des machines au Japon.

345 1204 368 160 CARNET

778 1178 2405 167 STENO N° 13 COMMENCE A HIROSHIMA LE 14 OCTOBRE 1930

2619 1305 124 99 n'

993 1324 2121 181 Sitôt coupé, avec des petites faucilles, qui en prennent

785 1484 2271 185 minutieusement que quilques épis (On sent là, toute la

807 1647 2293 189 précaution de ne pas en perdre même une infime partie

793 1807 2376 182 car la plupart du temps il est couché par les intempérie et

778 1960 2252 186 la terre arable et tellement réduite pour la quantité de

771 2127 833 168 bouches à nourrir)

1051 2280 2027 193 Ce riz dis, je est porté sur les levées de terre dont

778 2437 2329 196 les plus larges ( de 1m à 1m50) servent de chemins. Il est

800 2597 2390 189 mis à sécher de la façon suivante: les gerbes sont mises

789 2782 2383 164 en faisceaux sur des trépieds en rondins, relies par une

785 2942 874 164 barre transversalle.

1135 3084 1921 178 Dans d'autres endroits, moins favorisés pour la

796 3248 2202 185 maturise, on hâte celle-ci en irrigant les rizières

825 3411 2322 190 jusqu'au raz des epis (Ce qui implique un organisation

818 3568 2282 174 minutieuse du systeme d'irrigation) Ainsi l'epi s'il

833 3721 2270 196 surnage et est directement soumis aus rayons du soleil

829 3881 2096 193 et à la réfraction, (tout au moins je le suppose).

1167 4059 1863 160 Il arrive que le canal d'irrigation est d'un

3063 207 106 116 46
