3443 4357
330 116 254 163 NOTA.

755 108 2266 167 Ces méthodes etaient alors inconnues en France, mais deja

737 279 1427 156 mises au point en U.R.S.S. . 1930)

1093 435 1910 153 Ce qu'il y a de remarquable, c'est qu'au même

733 580 2343 178 moment, les enfants des classes travailleuses pauvres grouillent

719 744 2368 160 dans les rues (et peut être sont-ils même plus heureux), en

690 907 2524 138 tout cas, s'ils ont moins de sollicitude, ils ont aussi moins de

704 1063 2237 171 contraintes, et ne sont forćemment pas plus malheureux

1085 1227 2052 185 Le plus humble personnage de cette garderie, c'est

722 1386 2499 171 un singe de 0m70 de haut. Il est enfermé tristerent dans

700 1553 2456 168 une cage assez etroite pour sa taille. Nous sommes rapide-

740 1699 2365 149 -ment devenus deux amis, - ce que voyant, mon hôte en

780 1848 2303 185 profita : pour me demander de bien vouloir le faire

740 2000 2361 189 sortir de sa prison, et de le tenir en laisse dans la

722 2174 2448 211 cour. Ce fut une affaire assez difficile que de passer

719 2349 2429 156 un collier autour du cou de la pauvre béte et de la

748 2498 2389 170 litberer. Mais enfin, à grands renforts de caresses et de

740 2657 2430 189 sucreries j'y parvins, au grand soulagement de tous, à

730 2828 2426 174 commencer par l'interessé qui gambada joyeusement avec

748 2977 1423 181 les enfants dans la petite cour.

1111 3144 2219 178 L'après midi vint nous voir MR IKEDA, professeur

715 3314 2412 160 de chimie pour m'inviter à faire deux causeries dans

719 3456 2556 185 deux écoles, dont celle où professe ><. En arrivant

1881 3423 145 138 il

755 3623 2448 167 je remarquais un detachement d'élèves faire des exerecices

671 3779 2535 164 militaires dans la Cour de l'etablissement, ce qui tendrai à

708 3939 2462 192 prouver que cette preparation, est directement faite dans les

715 4091 788 244 Ecoles superieures ?

3185 119 116 142 3
