3381 4335
885 111 2260 170 parsemés sans doute de récifs perfides. Sur tous ces ilots

831 285 2351 144 la moindre parcelle de terre est minutieusement cultivée, et

831 440 2300 163 les champs fraichement, labourés, ressortent en couleur rougeatre

835 606 2397 145 au milieu des ilots de verdures naturels. Par contre, je ne

831 762 2282 151 remarque pas la moindre tête de bétail ou de moutons

976 913 2119 167 Mais partout les petites vriles des chalutiers témoignent

820 1076 2416 163 une intense et poissonneuse, activité, et ces petites ambarcations

820 1235 2307 155 ressemblent à une multitude de papillons butinant sur la

828 1394 2263 170 surface tranquile, de l'immensité verte. Au bord de

831 1549 2304 163 la rive, il y à de véritables essaims de petits bateaux

817 1708 2296 174 de pêcheurs à la ligne, qui témoignent malgré la saison

817 1874 2314 167 tardive de la densité de la population. Derriere un ilot

838 2041 2409 169 émergeant assez haut je remarque même un voilier à trois

820 2192 2336 174 mats, symbole encore réel d'un passé révolu. Que fait

835 2358 2347 159 ce trois mats là ? Sans doute est- un gros chalutier qui

820 2507 1675 173 centralise les prises des petites barques ?

1196 2687 1993 145 De temps à autre, nous nous arrêtons sur un

831 2835 2343 166 de ces ilots pour débarquer un passager, mais toujours du

831 3005 2231 155 courrier , Ces correspondances durent à peine le temps que

820 3153 2224 166 mettaient les petits trains de l'époque. Entre temps les

831 3323 2401 145 2 ou 3 marins du bord réussissent à avaler rapidement un

820 3478 2264 174 frugal repas. riz - poisson - fruit - thé - et le cycle recommence.

1171 3630 1913 166 Quelques minutes avant de débarquer, une vedette

828 3789 2191 163 de la police aborde, et les 3 ou 4 policiers, viennent

831 3966 2401 152 dans la cabine arrière, où j'étais en train de prendre ces notes

1073 4114 2087 217 Nous arriverons bientôt à MAGI, qui se trouve

3164 137 57 141 7
