3380 4357
886.0 76.0 1948.0 134.0 que nous venons de voir, comme une oasis cossu de

875.0 225.0 2097.0 148.0 mieux- être, ressemblant extérieurement à s’y méprendre,

886.0 373.0 2239.0 160.0 à une résidence d’un riche paysan français. Les murs de

886.0 533.0 2221.0 164.0 façade ont de beaux bas retiefs en pierre sculptée ; sur

894.0 693.0 2220.0 160.0 ces bas reliefs en pierre, de deux metres de haut environ, est

890.0 856.0 2340.0 160.0 bâtie le reste de la maison en bois. On accede à ce pavillon

879.0 1027.0 2221.0 156.0 par une courette de quelques metres carrés, séparée d’un

886.0 1172.0 2134.0 167.0 mur d’enceinte de 4 à 5 m de haut, qui clôture toute la

915.0 1336.0 2254.0 181.0 propriété, car derrière la maison. il y a un grand jardin

890.0 1503.0 2202.0 159.0 potager. NOTA. De toute évidence ce grand mur sert en

897.0 1652.0 2341.0 174.0 quelque sorte de forteresse, pour s’abriter des voleurs, (fin du nota)

1163.0 1808.0 1958.0 156.0 La porte d’entrée est massive, et ... l’on ne l’ouvre

886.0 1986.0 2163.0 145.0 nous dit notre hôte, que à l’occasion de grandes céremonies

901.0 2131.0 2246.0 174.0 familiales : mariage, enterrement etc... et... pour nous.

1170.0 2301.0 1999.0 146.0 En entrant, par cette porte on accede directement dans

904.0 2447.0 2134.0 167.0 la "salle de prière". petite chapelle du culte chinois, où

904.0 2614.0 2250.0 156.0 tout comme en Russie, il y a le "coin du culte", où ici

904.0 2763.0 2294.0 170.0 aussi brûle en permanence une veilleuse devant un petit autel.

890.0 2933.0 2217.0 164.0 et où sont disposées des chaises et un mobilier special pour

868.0 3089.0 2290.0 171.0 les prières. Il y à deux superbes tables en bois laqué rouge

904.0 3242.0 2036.0 170.0 et sur le mur, des tableaux religieux sont accrochés

1166.0 3394.0 1948.0 175.0 Sur la table du fond, il y à une belle statue de

904.0 3561.0 2108.0 160.0 Boudha, et de ses disciples. Devant cette statue, les

908.0 3699.0 2235.0 189.0 offrandes rituelles. De chaque côté de cette chapelle, contre

890.0 3888.0 2213.0 164.0 les murs, il y a des sages qui alternent avec de grandes

995.0 4048.0 1974.0 160.0 tables de forme carrée de 5 à 60 cm de surface.

2998.0 232.0 109.0 138.0 12
