3265 4357
432.0 76.0 2190.0 123.0 Suite de la page 50 du manifold N° 16 -Carnot steno N°15

246.0 225.0 1787.0 159.0 NANKIN LE 23-11-1950 (Libourne le 10-10-67)

791.0 344.0 2074.0 175.0 A la gare toute proche desservant cette usine, les

559.0 504.0 2455.0 178.0 voyageurs sont scrupuleusement fouillés. Pourquoi ? Vraisemblable-

559.0 660.0 2462.0 171.0 -ment, pour éviter tout transport de litterature ou d’explo-

559.0 809.0 2346.0 182.0 (sifs clandestins. Les policiers qui les fouillent sont de tous

573.0 976.0 1991.0 189.0 jeunes hommes, milice volontaire, vraisemblablement

976.0 1169.0 2034.0 156.0 Depuis cette usine, jusqu’à Nankin; la route devient

610.0 1321.0 2349.0 167.0 une vraie voie pavée, et pour la première fois depuis que

610.0 1485.0 2284.0 174.0 je suis en Chine, je remarque un attelage à cheval.

958.0 1652.0 1972.0 138.0 A la station TAI-PING-MEN, dans la banlieue

610.0 1786.0 2317.0 192.0 de Nankin; j’abandonne la voie ferrée et bientôt je

584.0 1960.0 2281.0 182.0 trouve en effet l’une des portes de la ville. Ici

581.0 2113.0 2331.0 170.0 ce n’est pas un vain mot, car Nankin est entouré

591.0 2269.0 2238.0 181.0 de hautes murailles medievales, et je rentre par un

584.0 2414.0 2455.0 200.0 vrai et authentique pont levis. (le premier que je trouve

555.0 2596.0 2386.0 174.0 en service dans ma vie.) Je me croirais transporté

599.0 2777.0 1496.0 142.0 trois cent aus en arrière... ... ..

966.0 2908.0 1895.0 181.0 Ces murailles ferment la brêche d’une demi-

628.0 3068.0 2215.0 181.0 ceinture de hautes collines, qui font de Nankin, une

621.0 3231.0 1539.0 178.0 ville fortifiée presque naturellement.

944.0 3376.0 1852.0 182.0 Passé le pont levis, quel ne fut pas mon

621.0 3550.0 2200.0 182.0 etonnement de ne pas....... trouver la ville,

624.0 3703.0 2335.0 171.0 mais des champs cutlivés. Je dois rouler ainsi pendant

617.0 3852.0 2168.0 203.0 plus d’une demi-heure pour arriver sur une grande

617.0 3986.0 2415.0 345.0 esplanade, où pour le moment, des soldats jouent au footbol.

2869.0 203.0 127.0 160.0 1
