3386 4353
704.0 130.0 2137.0 178.0 dans ma poche mais ça ne le calma point quand

667.0 293.0 2268.0 178.0 même. Je ne voulais pas exhiber mon portemonaie, pour ne

671.0 442.0 2402.0 181.0 pas exciter leur cupidité (après tout ce qu’on m’avait dit

660.0 609.0 2555.0 170.0 des bandits et similaire, j’étais sur mes gardes). et me rappelais les

656.0 769.0 2392.0 174.0 conseils de prudence que l’on m’avait prodigués à mon départ.

845.0 928.0 2345.0 189.0 Ausi je ne répondis pas a ses injures et surtout par des coups

689.0 1088.0 2501.0 152.0 et je leur expliquais avec les traces dans l’ornière à l’appui,

682.0 1247.0 2551.0 182.0 que je n’avais pu eviter la collisions Petit à petit, ils se calmèrent

987.0 1211.0 813.0 134.0 esperantigito la 27em. 1-75

649.0 1407.0 2326.0 174.0 tout à fait et me laisserent répartir, à pied, et pour cause.

802.0 1567.0 2333.0 170.0 Quelques kilometres plus loin, dans un endroit isolé, je dois

627.0 1733.0 2573.0 160.0 pedre plus d’une heure, pour pouvoir continuer à me servir du

645.0 1893.0 2479.0 171.0 vélo. Cet accident et le temps perdu pour y remedier, m’avait

635.0 2049.0 2613.0 181.0 mis de - mauvaise humeur, Heureusement, que je suis vite ninteressé

631.0 2205.0 2413.0 192.0 par le spetacle des paysans, qui font souvent la haie, le

653.0 2368.0 1480.0 189.0 long de la route, pour m’ovationner.

304.0 2535.0 218.0 149.0 NOTA.

664.0 2528.0 2511.0 185.0 Une fois de plus, je suis surpris, par ces receptions mysterieuses

656.0 2691.0 2356.0 174.0 Comment les paysans savent-ils que j’arrive ? Un mysterieux

656.0 2840.0 2468.0 188.0 systême d’information agit, comment ? je n’en sais rien, et

664.0 3003.0 2417.0 174.0 quoi qu’il en soit, si l’on m’attend pour, m’ovationner

675.0 3170.0 2148.0 174.0 on pourrait aussi bien m ttendre pour m’attaquer ?

860.0 3319.0 2300.0 174.0 Que le lecbeur se rassure, je n’ai JAMAIS été attaqué, tant

693.0 3478.0 2424.0 182.0 l’honneteté et # la probité de ces populations est grande.

852.0 3642.0 2269.0 159.0 Du reste, n’exhibant aucun signe enterieur de richesse, ni

714.0 3801.0 2363.0 181.0 aucune arme, je ne provoque apparamment, ni n’offense

685.0 3961.0 1557.0 181.0 personne. (fin du nota) 11.3.69

3048.0 174.0 120.0 108.0 22
