3359 4346
605 97 2239 178 monument commemoratif, qui n'est même pas achevé

960 275 1975 170 Je ne remarque pas la moindre machine, pas le

608 420 2566 173 plus petit appareil de levage, et cependant ce monument est un

612 583 2439 170 bijou d'architecture de la pierre, qui m'émeut et m'étonne

597 738 2482 178 toujours de constater l'habileté des ouvriers constructeurs, et

608 905 2635 177 leur standard de vie, symbolisé par la cabanne en bambou et

605 1057 2609 196 en feuilles de bananiers qui leur sert de refuge et de logement

615 1242 2620 155 et leur outillage primitif mais bien adapté ; ces normes là

612 1379 2634 178 aussi déroutent mon entendement d'Européen et ce n'est qu'à force

615 1539 2566 192 d'observations minutieuses et répetées que je réussirais (peut être) à

623 1705 2511 160 pénétrer les subtilités de la cuvlisation chinoise contemporaine.

1061 1868 2156 160 De dessus cette tour, la vue domine toute le ville,

615 2028 2602 163 et le panorama serait splendide, si ce n'était l'inévitable

619 2187 2547 167 nuage de fumées et de poussières. A l'occident, c'est la

612 2354 2478 159 plaine des rizières ; au sud, les meandres d'une vaste

626 2513 2519 156 rivière, sont tachetés de cheminées d'usines ; au nord,

619 2661 2493 182 la chaine de montagne, par où je suis arrivé, et qui se

612 2824 1576 160 détache dans un horizon brûmeux.

1039 2984 2156 174 Je ne reste pas longtemps sur cette tour, à cause

619 3143 2515 192 du vent qui soufle très fort et assez froid. Je ne veux

612 3313 2493 160 pas braver les railleries des ouvriers qui se moquent de

608 3465 2602 174 moi, habillé à la légère, mi à l'Européenne, mi asiatique

1231 3639 1852 167 En quelques minutes je suis revenu dans les

630 3791 2536 171 rizières : les paysans continuent d'irriguer les champs avec

623 3954 2543 171 leurs élevateurs à aubes, manoeuvrés par des pédales, à main ou

634 4096 1536 231 à pied. voir nota page suivante).

3014 199 156 123 33
