3208 4377
215.0 58.0 255.0 160.0 26 juillet

602.0 193.0 1481.0 193.0 qui me reveille de bon matin ;

2229.0 207.0 511.0 179.0 je suis prêt

726.0 393.0 241.0 135.0 vif ;

970.0 357.0 803.0 164.0 tout de suite une

2401.0 510.0 661.0 179.0 Petit à petit le

605.0 678.0 2493.0 171.0 pays change, bien que je roule dans la plaine; bientôt suivent

587.0 1189.0 679.0 175.0 chez un paysan

631.0 1327.0 639.0 186.0 me comprendre -

2171.0 1324.0 664.0 178.0 et je suis deja

1244.0 1491.0 1755.0 161.0 en allemand. Tout le long du canal

602.0 1634.0 638.0 171.0 travaillent les

1631.0 1652.0 894.0 160.0 qui sont torse nu :

2208.0 1834.0 894.0 172.0 Je reprends la route

558.0 1976.0 379.0 183.0 jusqu’à

1335.0 1980.0 1781.0 175.0 où j’arrive à midi ; c’est jour de marché

682.0 2130.0 2394.0 197.0 Sur la route deja j’ai rencontré beaucoup de paysans.

613.0 2308.0 1186.0 139.0 s’en revenant de cette villle.

631.0 2462.0 1741.0 171.0 comprennent pas très bien le français, je

2583.0 2480.0 369.0 138.0 au plus

649.0 2607.0 1277.0 172.0 loin près d’un petit ruisseau :

576.0 3104.0 2511.0 186.0 je traverse un des pays les plus beaux que je n’ai jamais

631.0 3249.0 2361.0 194.0 vu. Pourtant ce ne sont que des vergers et des jardins

810.0 3414.0 2102.0 197.0 Les champs de blé succèdent au champs de blé

664.0 3567.0 2270.0 182.0 vignes et aux vergers. Les moissons battent leur plein

781.0 3749.0 2182.0 157.0 Les maisons et les villages ont un certain genre

2937.0 105.0 121.0 168.0 3
