3447 4361
199 65 313 156 l Riecit août

279 214 208 171 1928

854 72 2062 131 Ce matin, avant de partir nous avons mis notre

625 203 2396 193 point d'honeur à laisser le lait aussi bien rangé que

669 345 2414 203 possible. Nous sommes partis discretement vers les 6 1/2 en laissant

621 534 1884 152 un dernier mot de remerciment à notre amie-

1010 675 2098 171 il nous faut 2 bonnes heures pour traverser toute la

665 835 2429 171 ville, sur un pavé, pas toujours très roulant. A 6h 1/2 nous

639 999 2389 171 disons définitivement adieu à vienne, l'ensorceleuse, où la vie

639 1159 2498 182 pourrait être aussi bonne qu'à Paris, mais combien plus tranquile

654 1322 1291 168 et surtout beaucoup plar propre.

934 1468 2273 167 Nous roulons ainsi jusqu'à 11 h dans cette belle vallée du

669 1631 2370 178 DANUBE. C'est la plaine à ble par exelence, très fertile

2239 1624 102 76 c

807 1788 2327 185 La moisson est finie ; des paysans commencent à relabourer

658 1940 2589 200 les chamges de terre noire, d'autres battent le blé. Les villages

687 2111 1207 193 sont peu nombreux, mais les

2214 2100 542 160 sont immenses

818 2274 2327 164 vers 11h à nous arrivons au village de HAMBURG, caractérisé

658 2431 2010 203 par 2 portes fortifiées qui datent du moyen âge.

974 2616 291 135 Diner,

2850 2572 335 164 A 14h

639 2747 2644 193 nous repartons, nous n'avons que 6 ou 7 km à faire pour arriver à la

647 2910 2549 186 frontière, que nous atteignions une 1/2 h après. Il nous faut environ

647 3085 1341 160 1h pour les formalités, qui sont

2261 3074 349 156 par une

2850 3081 280 167 pourtant

683 3256 938 152 couramment le français.

1032 3416 2076 149 Quelques km plus loin nous nous baignons dans un

698 3528 2567 204 étang. Nous suivons toujours de pres ou de loin da vallée du Danube

843 3739 927 135 Si une colline, nous

1407 3870 1840 174 Bientôt nous trouvons et traversons un long pont

661 4026 2418 178 en fer sur le Danube, et nous trouvons un douanier qui nous

1828 4139 829 211 interpelle en ESPERANTO.

3065 156 156 174 5

272 3416 371 109 Tchecoslovaquie
