3427 4361
876.0 130.0 1881.0 153.0 Surprise, ici entre Pologne et Hongrie, le chemin disparaît

796.0 261.0 2107.0 171.0 il est à peine tracé. Nous sommes dans un "No mands land"

800.0 381.0 2386.0 196.0 dans lequel nous roulons pendant plus d’une heure dans un paysage

814.0 519.0 2147.0 193.0 qui n’a plus rien de civilisé. Bosquets, champs incultes, landes etc

1116.0 675.0 2005.0 171.0 vers les 9h1/2 un coup de sifflet dechire l’air et vient rompre

756.0 821.0 2310.0 185.0 la maussaderie du moment, C’est un douanier qui nous a aperçus

771.0 955.0 2310.0 186.0 et qui nous appele. Il nous amene tres aimablement a un poste

742.0 1075.0 2375.0 226.0 de douane à 2k environ de la et nous y consigne pendant 1h

1036.0 1228.0 1965.0 203.0 Comme aucun de ses collegues n’arrivent il nous laisse

738.0 1366.0 2405.0 196.0 repartir en nous invitant à nous arrêter au prochain poste de

720.0 1526.0 2423.0 222.0 douane du village de FERBENICK. Le pays est très accidenté la

702.0 1693.0 2372.0 196.0 route mauvaise et le "no mands land" continue. Vers les 13h nous

702.0 1842.0 2423.0 218.0 arrivons au village. Un jeune garçon nous conduit au poste de

702.0 1998.0 2473.0 244.0 douane où à l’examen de nos passeports le chef douanier nous

702.0 2155.0 2386.0 239.0 dit que nous n’avons pas le droit de passer par ici et

723.0 2314.0 2336.0 211.0 conduit P au poste de gendarmerie, Il s’ensuit des discussions

749.0 2456.0 2430.0 247.0 des palabres des coups de téléphone jusque vers 15h ; enfin ils nous

742.0 2583.0 2379.0 262.0 visent nos passeports et nous laissent repartir. Il nous resterait

742.0 2751.0 2226.0 258.0 60km à rouler environ pour atteindre le but de cette etape

971.0 2940.0 2099.0 174.0 Aussi nous ne nous amusons pas, nous prenons un

749.0 3049.0 2350.0 239.0 "train rapide" J’en suis tout epaté de P. Heureusement que

774.0 3208.0 2256.0 240.0 la route s’améliore, elle est droite et plate mais toujours

731.0 3387.0 2368.0 243.0 mauvaise par endroit. Fort heureusement nous ne creuvons pas

723.0 3612.0 1034.0 171.0 mais traversons les villages

3059.0 181.0 160.0 149.0 27
