3465 4346
242 369 566 145 tillac. terme marin

253 499 475 120 signifiant pont en

210 568 598 138 bois et un bateau

880 61 2121 152 agravent mon mal de mer, de telle manière, que je

830 195 2316 188 deviens une loque, une chife, ayant à peine la force de

1917 159 65 119 f

840 369 2411 156 m'agriper sur le tillac* du canot. Je suis incapable de

840 514 2269 184 faire un mouvement, et ce pendant # longues heures

2471 474 134 105 deux

833 670 2385 191 pendant lesquelles notre esquif et son courageux équipage remonte

826 840 2251 163 lentement le flot de l'estuaire. Vers midi, nous devons

819 1003 2414 163 faire le transbordement sur une péniche en bois, qui, elle

851 1158 2469 178 longe la rive. Je suis fourbu, blême, trempé jusqu'aux os, car

833 1318 2541 170 pour moi, le mal de mer, est la pire des maladies. Et pourtant

1123 1484 2142 163 heureusement que sur cette rive, la tempête molit, et

840 1644 2396 163 commence pour moi, un des voyages les plus interessants de

840 1810 2440 145 mes aventures. On se croirait transporté à un siècle au

844 1952 2389 173 moins en arrière : notre gondole, est propulsće ... ... ..

848 2122 2308 174 à la gaffe et à la voile, dans un dédale de corridors

830 2281 2294 174 de verdure et de plages où seuls, ces marins nés s'y

837 2451 2388 152 reconnaissent, et ce, par un temps âpre, et hostile de

840 2600 2545 181 tempête, qui donne un charme redoutable, à cette promenade

830 2763 2276 170 lacustre. Et une fois de plus, je suis en admiration

848 2915 2446 181 devant les quatre chevaliers de la gaffe, leur habileté, leur

844 3092 2454 163 andurance, leur science de la navigation, qui me "soufle"

1181 3255 1979 163 Les autres passagers, plus endurcis que moi, sont

862 3393 2479 188 placidement et sagement assis sur leur banc. Ils me plaisantent

859 3567 2468 174 se moquant "sagement" de mon " pied marin", avec malice mais

830 3712 2421 170 sans hostilité. Il cherchent même à lier conversation en

826 3886 1885 166 une mimique expressive et comique pour tous

938 4041 2284 163 Suite du carnet steno N° 21, sur manifold N°21. Libourne le

2283 4157 652 167 23 Aout 1969 P.

3171 101 109 167 50
