3315 4332
130.0 328.0 260.0 119.0 NOTA.

664.0 101.0 1863.0 180.0 chinois, sont bordées d’une double rangée d’arbres

653.0 277.0 2207.0 156.0 Il sera curieux et même paradoxal peut être de constater.

646.0 440.0 2307.0 162.0 dorenavent que l’administration française en Indo-chine, aura

650.0 595.0 2358.0 177.0 pour résultat, de montrer aux voyageurs, un standard

671.0 761.0 2384.0 166.0 de vie des populations même indigenes, quelquefois supèrieur au

657.0 913.0 2304.0 159.0 stanbard de vie de la France metropolitaine. Sans m’étendre

650.0 1054.0 2303.0 195.0 aujourd’hui (26 aout 69) je resumerai cet état de fait - de

660.0 1231.0 2470.0 173.0 bienfait par un seul mot: - PRESTIGE. (fin du nota)

841.0 1382.0 2282.0 191.0 A part le "Cercle des officers" et l’Eglise catholique, il

668.0 1555.0 2488.0 185.0 n’y à pas dans l’ile d’autres monuments d’importation française

675.0 1714.0 870.0 145.0 accessibles au touriste.

989.0 1869.0 2127.0 167.0 Aucun edifice ou monument remarquable non plus

675.0 2028.0 2423.0 174.0 pour la "culture" des indigenes ou des simples soldats.

678.0 2187.0 2449.0 177.0 en garnison. La "culture" chinoisé est livrée à elle même.

884.0 2342.0 2199.0 170.0 Evidemment, des la nuit tombée, les fumeries d’opium

668.0 2498.0 2192.0 187.0 et salles de jeu foisonnent dans le quartier chinois.

1000.0 2653.0 2148.0 184.0 Tout comme en Chine, l’indigène est le "roi" du

668.0 2819.0 2444.0 177.0 pavé la nuit : au bord de la rivière, sur les trottoirs.

675.0 2978.0 2325.0 187.0 sous les lampes electriques etc... la foule ordinairé des

689.0 3133.0 2319.0 199.0 deguenillés est couchée, dort ou joue aux cartes et aux dés.

1058.0 3288.0 2051.0 181.0 Côte Européen, la ville est calme ; d’ici on entend

693.0 3447.0 2383.0 184.0 la rumeur disciplinée par la police, du quartier chinois

863.0 3631.0 2108.0 163.0 Exemple : La foule des vendeurs de rue ici, aussi est

686.0 3790.0 2314.0 162.0 grande, mais le lieutenent des clochettes et l’explosion des

682.0 3927.0 2441.0 206.0 pétards est interdite la nuit. Verité ici, erreur au-delà.

2957.0 169.0 152.0 195.0 20
