3359 4290
844 10 1967 197 y a le plus primitif et seuls deux ouvriers sont

865 185 955 176 qualifies. Encore heureux !

1159 357 1913 154 Cette institution ressemble beaucoup, à ses homoloques

862 511 2436 178 sovietiques, comme conception et réalisation. Construit en dur, l’atelier

862 682 1463 154 est entouré des paillotes du personnel.

1205 832 1853 168 Tout en surveillant ma reparation, j’observe que le

876 1004 2304 168 personnel travaille avec un air de crainte non dissimulé.

1076 1161 2161 165 Cette ambiance de contrainte et de crainte me glace et me

862 1315 2325 186 navre; tous les gestés de ces hommes sont timides et plus

833 1483 2379 168 ou moins désordonnés, télécommandés. Surtout si on le compare

851 1637 2400 196 avec la désinvolture du travailleir soviétique. La misère physique

844 1808 2400 168 n’est certe pas belle à voir, mais cette ambiance de suspicion

829 1934 1850 214 et travail forcé, m’est presque insupportable.

1151 2116 2021 182 Entre 11h 1/2 et 2h, il y a un repas de 2h 1/2, l’heure

833 2280 2207 183 de la siete, pour tout ce qui vit sous ces climats. je

837 2445 2364 161 remarque, ce bétail humain, couché ou assis tout autour de

851 2588 2379 193 de l’atelier. Seul le chef posséde une bicyclette ; il va

837 2763 2378 179 et vien entre l’atelier et son logement, ne perdant jamais de

837 2920 2293 197 vue son équipe peut être pas si passive qu’elle le feint ?

1143 3070 1954 190 Il fallut tout faire à la main, jusqu’au moindre

837 3242 2182 175 rivet, josqu à découper des tringles dans une cornière au

844 3392 2214 193 ciseau à froid, même on doit forger et tremper un forêt

847 3560 2300 186 pour percer les trous. Ça me rappelle le forgeron siberien

854 3714 2265 182 qui me fit un guidin et sa potence tout à la main; mais

2758 3864 150 97 n

840 3871 2207 158 ce dernier, etait d’une habileté supérieure à mes anamites.

3012 117 153 136 23

211 3993 2604 157 NOTA, Cela prouve, que le velo était au maximum le seul moyen

153 4089 183 122 1970

282 4104 2876 160 de locomation "moderne" à cette époque (et rationnel) et que mon choix était bon.
