3383 4351
848 101 1976 174 Toute la journée je roulerai en perpendiculaire au

779 257 2379 167 milieu du massif forestier et au bord d’une mer admirable

790 406 2281 181 (La France bien que magnifique, n’a pas le monopole des

765 576 2425 167 sites pittoresques, comme une certaine information chauvine tendrait à

794 725 1805 177 le faire croire). et de palmeraies édeniques

329 928 211 105 NOTA.

761 888 2389 181 Une fois de plus, je souligne ces constrastes de la nature; à

761 1058 2364 160 100km au nord, le demi désert et la faim, ici le paradis

775 1221 2285 164 tel qu’on se l’imagine, Comment voulez-vous, dans cette

779 1370 1980 170 diversité, créer une harmonie humaine parfaite ?

1102 1515 2009 189 Ici, dans les villages traversés, la vie coule calme,

768 1689 2285 178 tranquille, belle agréable à l’ombre des palmiers géants, où

768 1852 1519 153 même les moustics se font plus rares.

1102 2008 1954 189 De temps à autre, je trouve des groupes de

754 2171 2346 164 paysannes qui sur le bord de la route exposent leurs

761 2342 2277 152 produits du sol. Curieux pour un Europeen, du reste ces

768 2487 2306 185 produits. Bien ficelés et pétillants, elles vous offrent entre

772 2661 2444 174 autre de gros lézards vivants, qui parait- il sont suculents

960 2828 2248 141 Et les innombrables varietes de niuc- manh macerés dans

754 2976 2357 163 les plantes aromatiques régionales, dont le champion est le petit

761 3150 2357 160 piment sauvage, gras comme un petit crayon et rouge comme

768 3292 2343 181 le feu qu’il dispense. Si par malheur, j’en touche un, et

772 3455 2397 163 qu’après, je touche une muqueuse : yeux, bouche etc... une

775 3607 2314 167 brulure cuisante mais inofensive, se dégage. Et les bananes,

797 3785 2227 145 il y en à au moms cinq à six espèces, la meilleure

779 3915 2299 196 pour moi étant celle de taille moyenne, farcie de gros

786 4100 1534 167 noyaux, ressemblant à ceux d’une datte.

2987 123 156 130 16
