3311 4293
808 75 2105 164 orienter le positionnement du bloc de pierre, de façon de

758 225 2037 168 mettre en évidence, son "parement" c’est à dire sa façe la

787 386 2319 168 plus belle et aussi la plus résistante aux intempéries et au travail

780 543 2187 172 de sculpture qu’elle va supporter, et ce, le plus souvent sans

748 697 1653 143 trace apparente de liant : ciment ou mortier.

1063 855 1925 178 Si les parties supérieures: plafonds, cheneaux, etc. ont

723 1016 2330 186 pratiquement disparu, precipitées par les intemperies (Il pleut ici

733 1180 2338 172 en cette saison 1 heure sur 2) par contre les bas reliefs ont

726 1341 2212 147 été preservés, par l’orientation et les dispositions des parties

730 1502 2466 165 supérieures des murs. Quelques uns même, présentent une conserva-

723 1656 2466 172 tion miraculeusement intacte. Ainsi, le (neophite = nouvel adepte

740 1824 2409 168 et le profane = personne non initiée à certaines connaissances) comme

715 1985 2388 168 moi, peut lire l’histoire presque entière, et la religion de

740 2142 2406 179 ce peuple, et ce sans (hieroylyphe = Ecriture symbolique par signes

690 2303 2427 183 symbolisant une idée, mais toujours difficile à comprendre par le profane,

730 2464 2373 176 exemple les pyramides d’Egypte, et en un certain côté, les signes

1116 2411 562 107 inscriptions sur les

740 2633 1167 135 cuneiformes de l’écriture chinoise

1084 2783 2005 172 Ainsi il apparait que la religion à été à cette époque

719 2937 2477 189 un facteur potentiel et dynamique, de la vie culturelle de ce peuple,

694 3108 2370 151 (tout comme du reste en Europe, où elle - la réligion - nous a

697 3259 2456 150 laissé, tant de témoignages, de la Renaissance, et même antérieure-

687 3420 2527 171 -ment. Et par corolaire, plane sur ces ruines, le témoignage

708 3581 2359 168 d’un DIEU ETERNEL, et éternel inspirateur de tous les peuples de

715 3720 2266 186 la terre, ce qui rend ridicule et stupides toutes les guerres et

705 3899 2333 157 croisades faites en son nom, et reniant l’idée même de

715 4035 2488 229 la fraternité humaire de toutes les réligions. TU NE TUERAS POINT.

2981 160 172 179 35
