3456 4334
466 137 2219 177 Manifold N°25 commencé à Libourne le 20 Juillet 1970

1091 296 217 180 Fini

1973 299 720 152 le 16 Août 1970

1015 563 1313 155 LE SIAM et ETATS MALAIS

1774 1054 268 137 TITRE

531 1202 2762 152 UNE COURSE A PIED IMPROVISÉE, et IMPREVUE A SVERDLOVSK

827 1426 2354 188 Il y avait dans cette chambre, des concurents etrangers

531 1574 2646 177 au district de Sverdlovsk, à des championnats d'athlétisme, et

531 1748 2729 202 entre autre un grand gaillard de 1m80, d'envergure, champion

535 1899 1362 181 du district de course à pied.

907 2065 2368 185 Vu la douceur de la nuit, nous avions laissé grandes

556 2224 2618 188 ouvertes les fenêtres, séparées de la rue par une courette

542 2380 2447 184 précedée d'un petit parterre de fleurs et d'une murette.

318 2517 2010 191 malade hospitalisé du 22 au 30 juillet 1970. Narration reprise le

791 2705 2411 173 La nuit s'était passée sans incident, car après les épreuves

2299 2553 636 170 1er Aout 1970)

582 2860 2494 181 de la journées tout le monde, aspirait au repos. Au petit jour,

585 3033 2560 170 vers les 3 heures 30, un minuscule grincement me reveilla. ce tres

585 3171 2643 184 discret bruit faisait contraste avec la respiration regulière des autres

585 3340 2726 174 dormeurs, et me tint maintenant en un eveil lucide. Par intermitten-

571 3499 2519 184 ce, il recommençait, tel le bruit d'une souris: rongeant par

585 3673 2397 180 à coups, mais en beaucoup plus feutré. Je me levais

578 3824 2545 174 discretement, et vis à l'extremite opposé à la chambre, un

560 3987 2722 289 jeune homme en train de visiter les poches et bagages déposés là.

1127 870 1573 202 Suite de la p. 50 du manifold N° 24

3137 162 145 163 1
