3424 4294
798 93 2081 171 journée, aisemment même à vélo, traverser les trois

841 232 2110 186 zones. Ces dispositions naturelles bien entendu influent

845 411 1486 179 sur la demographie generale de l’ile.

1160 568 2009 169 L’habitation, pour commencer n’est plus la même

830 726 2379 186 qu’à Sumatra. Règle genérale (sauf dans les basses terres)

863 898 2303 161 plus de maisons sur pilotis, ce qui à pour résultat

838 1052 2277 161 que dans les basses vallées, la pluspart sont inondées

834 1213 1909 150 en ce moment : de un à trois metres d’eau.

1067 1366 2006 165 Comme l’eau ruisselle de partout, tout comme au

856 1524 2317 179 Japon les berges de ces canaux sont envahies par des

827 1678 2360 193 grappes d’enfants entièrement nus, qui pataugent exactement

830 1853 2311 161 comme les canards, dans ce qui est leur élément naturel.

651 2011 2507 161 (NOTA)- Ces canaux, ne sont infestes d’aucun animal dangereux, et

845 2175 1980 168 pour cause, puisqu’ils sont rigoureusement entretenus].

1146 2325 2084 176 Dans certaines zones, une armée de femmes à demi-

809 2470 2357 199 -nues "tous seins déhors", péchent avec de petits filets

838 2662 1454 175 triangulaires, on repiquent le riz.

393 2830 516 129 NOTA 197O

1045 2808 2135 183 Une fois de plus, je m’amuse des sottises que l’on

845 2966 2156 175 peut débiter en France, sur la mini-jupe et autres

845 3123 2378 201 "Bikinis" ? De tout temps à jamais les femmes et

816 3288 2253 168 de ces climats-ci, pratiquent le nudisme, seulement

795 3460 2278 164 mitigé par les nécessités ou dangers climatiques, et à

784 3617 2281 172 ma connaissance, elles ne sont pas plus effrontées au

820 3775 1730 157 contraire, que leurs conseurs europeennes.

1027 3925 677 175 Au point de vue

1712 3929 1181 182 [ESTHETIQUE = qui à rapport au

1826 4054 774 114 sentiment du beau]

3001 132 157 139 46

408 2962 336 133 SCABREUX

401 3113 275 125 pour les

508 3238 244 111 jeunes ?

350 3324 420 175 les hommes
