3412 4298
799.0 121.0 2179.0 183.0 FÊTES RELIGIEUSES CHINOISES ET MALAISES de fin

763.0 275.0 2215.0 190.0 et debut d’années: l Cela implique un décalage dans les

781.0 429.0 835.0 197.0 calendriers en usage].

1028.0 612.0 2211.0 183.0 Bien que ne reflettent par la même splendeur qu’à

763.0 752.0 2373.0 182.0 Canton l’année dernière, elles animerent les aues de quelques

770.0 916.0 2211.0 212.0 cortèges populaires, guides par des orchestres plus ou moins

792.0 1088.0 655.0 158.0 Importants, (2-9-70)

1182.0 1228.0 2018.0 193.0 Les instruments les plus insolites pour moi: des violons

766.0 1393.0 2445.0 193.0 monocordes les trompettes nazillardes. Une chose qui m’a le

752.0 1550.0 2545.0 201.0 plus surpris le soir, c’est de remarquer les inombrables prostitués

766.0 1715.0 2355.0 183.0 hommes et femmes, qui presque ouvertement vous "racrochent".

924.0 1887.0 2287.0 183.0 C’est la première fois que je remarque la prostitution masculine

741.0 2034.0 2559.0 197.0 ouvertement dans les avenues. Dans les grands cafés, des orchestres

784.0 2191.0 2412.0 190.0 huppés jouent.... devant des chaises vides. Dépuis 2à heures

784.0 2356.0 2380.0 201.0 les tramways ne fonctionnent plus. Une chose me surprend

763.0 2528.0 2369.0 183.0 aussi : la pluspart des velos sont utilisés par des... européens

766.0 2682.0 1531.0 176.0 et les motos ... par des autochtonnes.

1003.0 2840.0 2125.0 186.0 Bien que je sois resté ici trois semaines, j’ai à peine

720.0 3001.0 2466.0 193.0 pu réusir à faire une causerie dans deux écoles religieuses

716.0 3155.0 1373.0 175.0 et dans trois ou 4 clubis chinois.

999.0 3313.0 2165.0 200.0 Monsieur IKEN, le chef des esperantistes locaux m’a invité

734.0 3488.0 2523.0 197.0 à partager un repas en sa famille. Je constate qui tout comme

734.0 3646.0 2376.0 182.0 un quelconque indigène malais, il fait une petite prière avant

731.0 3814.0 2437.0 175.0 de manger, ce qui me fait penser, que quel que soit le culte

716.0 3964.0 2437.0 319.0 professe les rites essentiels sont les mêmes, et pour cause. 13-9-70

3139.0 236.0 118.0 143.0 4
