3423 4318
853 97 1810 172 ayant des moeurs et une langue, particulière.

1123 251 1947 173 Cependant, pratiquement la population Formosane, est

849 410 2300 172 de souche chinoise à 90%, au moins. Les chinois ont

838 572 2343 169 réussi là, ce qu'ils tentent dans tout le Pacifique, c'est à

845 737 2138 166 dire à devenir la nationalité la plus nombreuse. Bref,

446 939 245 126 1949

853 910 230 173 depuis

1734 906 1476 148 à l'avènement de MAO-TSE-TUNG, en

853 1065 2454 151 chine continentale, la vaincu de cet avènement, TCHAN-KAY-TCHEK

845 1209 2362 190 est devenu le representant de l'ancien régime et chef incontesté

856 1381 2189 155 de Formose - (le DICTATEUR), avec la bénédiction et la

838 1532 2358 166 protection des U.S.A. car Après son eviction de Pekin, il

853 1687 892 162 s'estait retiré à Formose.

1198 1849 1973 180 Depuis cette date, il s'ensuivit une guerilla de tous

842 2011 2318 180 les instants entre la République Populaire, de Chine et Formose-

867 2184 2149 162 TCHAN-KAY-TCHEK.. Qu on ne s'y trompe pas, cette

878 2335 2361 201 zone est un foyer latent de guerre - internationale - de fait

849 2508 2296 172 de la protection ouverte des américains, pour TCHAN, contre

856 2680 195 166 MAO.

1612 2651 1112 170 (fin du nota.). (1-10-70).

446 2968 2807 173 Suite du récit → Le vent se déchaina avec une telle violence, qu'il

817 3144 2411 177 était pratiquement impossible de se mouvoir, et tres dangereux

845 3299 2358 166 de rester sur le pont. du navire. Celui - ai était secoué

770 3457 2368 191 comme un fêtu de paille, roulant, tanguant et se cabrant

1169 3612 2052 187 Chose surprenante, j'ai à peine le mal de mer. Est ce

813 3771 2415 187 du fait de bateau lui-même, et ce qui le corps est habitué

827 3932 2297 191 par une semaine de séjour à bord ? Le fait est là et

838 4084 1508 205 je le constate avec joie et plaisir.

2955 151 158 151 15
