3486 4344
840.0 3.0 2385.0 250.0 En fait bien que tout le monte, connaisse tout le monde,

786.0 228.0 1989.0 166.0 mon arrivéee dans mon village natal de Lavardac en

771.0 394.0 2548.0 170.0 GASCOGNE, passa inaperçu ? Mon père était à son travail. et ma

768.0 550.0 2428.0 188.0 mère me fit fête, de son air bourru et simple, en me disant

757.0 705.0 2536.0 185.0 son terme favori. Enfin, voyou, tu es revenu ! Mais, cette excla-

753.0 861.0 2606.0 192.0 -mation populaire, cache en fait tous les trésors de la bienveillance

764.0 1035.0 2537.0 181.0 et de la tendresse maternelle, mitiges et entravés par l’exercice du

764.0 1194.0 2526.0 181.0 travail quotidien la pauvre, qui n’a ni le temps, ni les moyens.

768.0 1361.0 2344.0 173.0 d’exhiber une exuberance deplacée dans nos milieux populaires

1061.0 1513.0 2135.0 166.0 Tous les voisins vacants vinrent aussi me saluer, et le soir

768.0 1661.0 2431.0 203.0 au retour de mon père, un repas de famille reunit tous les

760.0 1831.0 1979.0 196.0 presents. c’est à dire, père, mère et les deux soeurs.

1090.0 2146.0 2251.0 181.0 Restait dle problême le plus urgent à resoudre : se

735.0 2302.0 2529.0 184.0 remettre rapidement au travail, car, même à court terme, je

710.0 2472.0 2623.0 177.0 deserirais ne pas être une charge à mes parents, et aussi rembourser

721.0 2624.0 1978.0 185.0 rapidement la somme due à Mme F. de Paris.

1174.0 2772.0 2123.0 189.0 Precisemment, il se trouvait que mon frère aine était

706.0 2950.0 2609.0 184.0 malade, et je dus ainsi remplacer au ["pied-lever" = rapide-

1771.0 2910.0 124.0 127.0 le

699.0 3095.0 2584.0 199.0 -ment] chez son employeur. Nous sommes charpentiers, je l’ai

713.0 3265.0 2454.0 188.0 déja dit, et des le lendemain, de mon retour, j’étais au

695.0 3420.0 2435.0 174.0 travail. Mais le surlendemain à la première heure,

735.0 3565.0 2446.0 210.0 je fus victime d’un grave accident de travail : Je fis

724.0 3724.0 2472.0 200.0 une chute, et me fracturais le pied droit. C’était le

489.0 3927.0 518.0 181.0 24 juillet 1932

1036.0 3898.0 2199.0 188.0 Ce fut une catastrophe pour moi, surtout parce

739.0 4083.0 2489.0 224.0 que, je dus # à une date indeterminée #

1405.0 4054.0 283.0 94.0 ajourner

3080.0 209.0 155.0 156.0 23
