3289 4418
813 7 2052 232 Pour nous faire photographier nous devons revenir à

655 239 2291 154 midi et payer 9 ZLOTIS, mais à 14h, nous photos sont

618 375 2519 173 faites et bien faites. Un bon point. Nous allons à l’imprimerie.

618 533 2545 184 et après de longues palabres, on nous promet notre cliché pour demain

784 703 2324 180 Le conseil anglais nous reçoit ..... fraîchement, nos apli-

659 850 2379 180 cations n’ont pas l’heure de lui plaire. Il ne nous fait

637 1041 2386 148 même pas entrer, et nous donne toutes les explications sur

637 1181 2313 177 le palier de la porte, desquelles il s’avere que nous devons

615 1354 2497 151 nous adresser à Varsovie pour avoir le visa d’entrer en INDE.

817 1509 2309 158 Du reste, il est peu probable que nous l’obtenions, car

655 1656 2501 173 les frontière sovieto indiennes sont fermées, et les relations sovieto-

622 1818 696 181 -anglaises tendues.

302 1991 265 144 NOTA.

681 1991 2232 155 Ce qui explique que nous ne pouvions pas choisir notre

629 2139 2479 165 itineraire comme nous l’ussions voulu ; et l’avenir a confirmé

666 2278 519 166 cet obstacle.

813 2463 2291 150 Retour au consulat sovietique ; porte close, revenir demain

357 2632 213 129 NOTA

640 2613 2464 155 Les obstacles naturels ne sont pas insurmontables, mais les barrieres

611 2761 2427 162 artificielles des frontieres, langues et politiques furent le plus grand

626 2923 2324 173 Handicap. Plus tard, je ne pus des Indes - neerlandaises

640 3085 2184 169 obtenir le visa pour les E.Unis, ni l’australie.

839 3254 2144 155 Dans la soiree nous visitons une maison du peuple.

666 3401 2287 166 C’est un ancien théatre désafecté. Une foule de travailleurs

644 3552 2306 184 sont la tres calmes. les uns jouent aux cartes les autres

626 3736 2257 159 discutent. C’est le lieu de reunion des charpentiers qui

622 3891 2383 173 presentement sont en grève. Ils gagnent de 2 à 2 1/2 zlotis

637 4038 1911 184 de l’heure et demandent une augmentation.

2902 173 180 136 24
