3365 4379
813 72 2227 161 quement Russe au Rikraïmena, tels que patisseries variées.

864 211 2059 190 ragoûts et soupes cuites à l'étouffé, et la grande spécia-

872 361 2022 168 -lité Sibérienne : lait caramélisé au four. etc.

434 558 343 182 NOTA 2

1175 532 2018 157 Ce qui frappe le plus en arrivant partout en

927 700 2302 146 U.R.S.S, au milieu des ruines ou des delabrements, il

930 846 2161 186 y a toujours une Eglise ou chapelle flamboyante

689 1029 128 142 Q.

1175 1010 2054 157 Puisque les Eglises et autres lieux de culte sont

875 1171 2340 164 impéccablement entretenus (et ce malgré les soi-disant

875 1324 2256 183 persecutions dont la Religion était victime) COMMENT

912 1492 1642 153 POUVEZ-VOUS M'EXPLIQUER CELA?

635 1667 142 139 R.

1124 1638 2095 161 Parce que il y a encore de nombreux fidèles, qui

908 1806 2124 164 donnent dans les quêtes, et ensuite une solidarité

897 1963 2314 160 occulte et certaine venant de l'étranger. Mais en fait

905 2123 2357 175 il n'y a que les églises les plus importantes qui

905 2284 2299 168 sont bient entretenues, beaucoup ont disparu pendant

916 2444 646 161 la Révolution.

1083 2583 2136 183 En fait, la liberté de religion et de pratiquer cette

937 2751 2179 168 religion est inscrite dans la constitution. Cependant

952 2904 2175 183 officiellement, le gouverment ne s'occupe plus des

934 3076 2058 171 affaires religieuses, et ne les subventionne plus

948 3236 1891 150 pécuniairement comme avant la Révolution.

379 3448 252 139 NOTA

981 3393 2230 168 Excepté quand une lieux de culte a été desaffecté

956 3557 1759 150 et est devenu club ou musée, etc...

543 3725 267 157 Q.

1051 3703 2175 176 Pourquoi il existe toujours une échelle des salaires ?

565 3882 139 164 R.

1018 3864 2208 171 Ici on est payé selon ses capacités, et c'est ce

1014 4028 2205 179 qui explique que les salaires peuvent varier de 50 à

2959 153 139 179 28
