3363 4407
466 143 2408 187 Suite du Carnet N°4. DEPART D’ODESSA fin octobre 1928

793 367 1989 183 Le - "en-cas" fut accueilli avec faveur et joie par

580 528 2518 184 toute la troupe. Après cette halte forcée, ce ne fut plus qu’un

569 690 1525 173 jeu d’atteindre l’auberge salvatrice

926 852 2165 161 Tout le village était là pour nous recevois. Nos amis

606 1017 2404 158 Ukraeniens décidèrent de nous quitter ici mais avant de

599 1186 2128 139 se quitter ils commenderent un repas improvisé

860 1318 1992 187 Nos amis quel repas, (pour l’époque et le lieux).

749 1465 2367 194 Tout d’abors il nous fut servi dans la grande salle

599 1637 2517 173 de l’auberge face à la mer. Toutes les tables étaient

610 1784 2414 184 pleines. Menu: hors d’oeuvre fruits de mer, plat de

646 1946 2415 176 résistance : omelette au lard et aux fines herbes, le tout

657 2108 2331 161 assaisonné de piments et concombre et arrosé ... tenez

643 2276 2429 162 vous bien : D’EXCELLENTS VINS BLANCS ET ROUGES

661 2431 2202 161 crus du pays. En imagination je me suis

654 2581 2345 158 instantanément retrouvé dans mon beau midi: Rien

665 2743 2426 158 n’y manquait : beau temps, mer idéalement vert-bleu

654 2904 2367 169 soleil magnifique, ambroisie exhalerante des gascons

665 3044 2179 158 ou méridionaux, chants, danses folkloriques, et ...

668 3209 2239 155 belles servantes : digne d’un roman de Dumas.

926 3367 1988 158 Bien que j’ai perdu mes notes 40 ans après

702 3507 2352 183 j’en garde un souvenir imperissable. Pas une fausse

690 3665 2254 158 note... o ! merveille de l’hospitalité slave, de

709 3826 2290 180 la fraternité humaine ; il y avait en effet dans

724 3984 2322 162 cette salle, outre nous, 1 français, un allemand, des juifs

2381 4105 342 114 spécifiques

724 4153 2146 209 des Russes, des Unkraeniens et des indigènes du pays

2903 334 235 154 1
