3393 4360
858.0 87.0 2174.0 170.0 il y en a une, et il me faut toute la matinée

850.0 218.0 2135.0 188.0 pour atteindre la petite station de KORSA perdue

861.0 388.0 2331.0 175.0 au milieu d’une belle petit vallée, et là apres avoir

850.0 563.0 2324.0 178.0 explique mes difficultes et reciproquement on me conseille

840.0 723.0 2218.0 174.0 de gagner SVERDLOVSK par chemin de fer, mais comme

825.0 875.0 2426.0 178.0 aujourd’hui aucun train de voyageurs ne s’arrête ici, on m’embar-

821.0 1031.0 2339.0 175.0 qua tout simplement dans un train de marchandises, le soir

829.0 1166.0 2243.0 196.0 vers les 18h et après 1h1/2 de roulage, on me débarqua

832.0 1337.0 2371.0 199.0 dans une petit station où le chef parle couramment le

818.0 1504.0 2302.0 181.0 français. Je suis reçu comme un parent attendu: bon

850.0 1660.0 2408.0 193.0 repas; omelette, bon lit. que voulez-vous de plus ? A peine

818.0 1827.0 2407.0 167.0 levé le lendemain matin, et bien qu’il ait été de garde

814.0 1994.0 2317.0 160.0 toute la nuit, ce monsieur me guide à travers les rues

829.0 2125.0 2345.0 207.0 du village à la recherche d’un forgeron pour me reparer

810.0 2310.0 2437.0 178.0 le guidon. Ca dure jusqu’à midi, et sitôt fini, je repars sur

818.0 2474.0 2262.0 171.0 une piste innomable, sabloneuse et insidieuse, pleine de

905.0 2619.0 2298.0 185.0 "molards" en pleine forêt vierge; infestée de moustiques qui

829.0 2779.0 2313.0 164.0 litéralement me dévorent. Pour comble de malheur vers les

807.0 2932.0 2436.0 192.0 10h, je tombe dans une fondrière et me tord complètement

821.0 3113.0 2299.0 164.0 la roue de devant. Tant bien que mal, je réussis à

832.0 3277.0 2393.0 178.0 gagner la permière maison venue, au crépuscule, et comme

829.0 3433.0 2294.0 167.0 toujours je suis reçu en parent tombé du ciel par

825.0 3593.0 2415.0 174.0 deux jeunes ménages de 25 ans à peine. bon repas, bon gite.

683.0 3738.0 2371.0 175.0 4 JUILLET 1929. Depuis 7h, je marche à pied

843.0 3898.0 2368.0 185.0 puisque le vélo est cassé et à peine à porter mes bagages

1112.0 4058.0 2160.0 287.0 Jusqu’à la nuit tombante je ferais ainsi environ 50 km.

3112.0 247.0 131.0 163.0 47
