3354 4346
818 83 1800 174 Deux ou 3 gros corteges et orchestre ont déjà

713 242 2282 167 commencé à défiler, musique e drapeaux rouges en tête

1014 391 2014 188 Le froid est vif, (pour moi) et la foule un peu

757 561 2184 174 engourdie. défilé d’abord en 1/2 silence, troublé par

778 713 2380 174 quelques refrain entraînant chanté par des bataillons de jeunes, qui

757 876 2234 185 graduellement arrivent sur la grande place ; Les enfants et

749 1039 2442 181 les jeunes gens, les groupes les plus vivants (évidemment)

760 1195 2199 163 et les plus turbulents : Chaque porte des pancartes et des

1966 1173 192 127 groupe

746 1361 2459 178 drapeaux rouges. Une grande caricature du général Tchan-hây-Tcheck

680 1510 2445 181 est peinte d’une façon grotesque sur l’une de ces banderoles

1061 1673 1970 163 Soit à cause du froid, soit pour toute autre cause,

742 1814 2409 224 j’ai l’impression assez pénible que cette foule défile passivement,

749 2006 2351 159 on ne sent pas l’enthousiasme qui vibre dans certaines

746 2154 2253 178 autres région. Il est vrai, qu’il ce sont pour la

778 2310 2307 178 pluspart des autochtones Bouriates du Mongols, et évidemment

757 2473 2093 174 il n’ont pas le même enthousiasme que les slaves

999 2622 2163 181 Vers les 11h, tous les groupes s’étaient dessemines à travers

778 2788 2355 163 la ville et beaucoup de curieux qui attendaient au centre

757 2951 2354 178 de la grande place commençaient déjà à s’en aller quand

785 3118 2308 166 tout à coup une brillante musique se fit entendre

985 3266 2068 181 En même temps, dans un ordre parfait, la garnison

753 3418 2347 174 de la Ville deboucha sur la place; habillés de leur longues

753 3578 2180 195 capotes kaki, et coiffés du trationnel passe montagne

757 3755 2401 156 orné de l’etoile rouge. Derriere la musique, suit immédia

764 3904 2238 188 -tement une compagnie speciale formée par les officiers

760 4059 2365 272 ou élèves officiers, suivis de soldats, précedents une longue

2937 177 163 174 17
