3410 4382
734 113 1966 131 des russes Mme G est aussi simple que son mari

270 270 2865 208 Elle est aussi très jolie. Je vécus ici une grosse heure inouliable dans

833 427 2302 201 un ménage heureux et uni. Pendant mon séjour, cet authentique

844 646 2273 157 héros militaire joua avec son bébé de 15 à 16 mois, avec des

866 777 2251 201 gestes si puerils si naturel que j'en étais ému. Ces trois êtres

851 934 2277 205 agissaient en ma présence comme trois enfants. Malgré que

826 1088 2269 230 Mme fut encore malade elle trouva moyen de nous faire

815 1259 2251 183 ces crêtes et ce, avec une delicatesse, un tact, difficile à décrire

1209 1424 1850 175 Bien entendu ils me firent visiter l'appartement

826 1562 2276 176 entrer y compris le berceau du nouveau né -5jours.

840 1690 2189 234 qu'il me montra avec fierté. Madame aurait préféré

778 1847 2423 208 une petite fille. Une 1/2 heure après ils me donna tout

778 2012 2438 208 simplement un matelas sorti de son propre lit et fit lui-

730 2180 2493 178 -même, le mien. Oh raffisement de l'hospitalité Russe

1034 2329 2160 212 D'un seul geste il pouvait me faire donner un lit

749 2501 2353 186 dans les casernes, mais il poussa la délicatesse jusqu'à

730 2647 2376 212 faire lui même mon lit - lui- un chef de bataillon

723 2804 2409 223 soviétique représentant des "hommes au couteau entre les

745 3008 2325 194 dents" - me prodiguant aussi le raffinement de

749 3155 935 189 son intimité familiale.

577 3330 161 182 PS.

840 3308 2281 175 Ça me rappelle - "CAMEMBERT" mon chef de bataillon

822 3476 2127 161 de ma vie militaire. Il nous faisait mettre en rang,

1589 3425 307 149 en 1957.

829 3629 2317 165 avisait un facies de paysans, lui demandait - Comment doit-

829 3805 2423 160 -on m'appeler ? - CAMEMBERT Monsieur, repliquait la recrue

785 3947 2259 179 - "Donnez moi votre permission, et allez apprendre

847 4111 2208 249 comme je m'appelle" - hurlait-il. AUTHENTIQUE.

3121 175 102 139 47
