3350 4369
917 160 1919 153 consulat, et ensuite ils les revendent avec des benéfices

892 291 2195 182 usurieres et frauduleux. Du reste ces français là ne se

903 451 2195 186 mêlent pas à eux → les "Russes". Et c'est peut-être ce

913 629 2123 175 qui crée cette inimité. En conclusion, je suis forcé de

895 771 2203 182 constater que tout ne va pas pour le mieux dans la "colonie

928 924 743 190 française de Harbin.

1157 1092 1879 196 Le soir, dans la avenue principale du Quartier

899 1256 2156 182 Européen, j'aurais un peu plus de succès, pour écouler mes

906 1412 2298 182 cartes, mais l'enthousiasme n'est pas si apparent qu'en URSS.

1143 1572 2021 193 Enfin, pour finir la journée, je me laisse tenter

888 1725 2276 190 et me fais conduire en canot sur l'autre rive du fleuve

1758 1692 124 117 seul

899 1907 2137 168 en quartier "RESERVÉ". A cette heure, le fleuve est

903 2057 2323 207 toujours silloné par une miriade d'embarcations qui voguent

899 2209 2236 193 dans l'eclairage électrique à giorno. Pendant ce temps on

899 2370 2250 193 remarque les ouvriers du bâtiment et de réparations navales qui

888 2537 2283 175 travaillent encore; les uns réparent les quais, les autres les

888 2694 2250 189 gros chalands en bois, qui constituent la flotte marchande.

1041 2839 2207 204 De Chaque goguette bâtie sur la rive du fleuve s'échappe

888 3003 2341 186 de flots de musique, des chants, des rires. Ici on s'amuse

1150 3178 1879 182 Moi je regarde sous l'oeil narquoi ou moqueur

866 3331 2250 171 des bons vivants. Io pelas min eterne, se mi ál

873 3480 2225 186 gajejo iras → Quelque chose me navre et m'étreint.

866 3655 2371 182 si je vais dans les lieux de plaisir. Ce vers de Zamenhof

870 3819 2301 185 me revient comme un leit-motif. Jouir ! Ne penser

884 3983 2254 167 qu'à soi, ignorer que dis-je mépriser la misère qui

866 4132 2363 222 s'étale sous les sulights. FIN DU MANIFOLD N°9. 17.10.66

3095 192 160 146 50
