3059 4921
480 110 2020 181 J’ai eu besoin d’un délai d’un an, pour obtenir

340 278 2394 160 le visa sovietique, et je n’AI PU OBTENIR aucun VISA des

332 426 2328 180 autorités de grande Bretagne, pour entrer en Inde et en

336 586 2464 189 Australie. Vraiment le voyage commençait sous des "auspices

344 754 1602 160 assez mouvants et assez hasardeux. ?

463 1017 1704 127 PREMIER FAIT NOTABLE ET NOTE :

2106 914 558 172 L’EUROPE

98 1144 337 196 [12/2]

509 1189 2184 115 SAUVETAGE A MULHOUSE D’UNE JEUNE FILLE EN

279 1320 2467 168 TRAIN DE SE NOYER : La coïncidence de mon passage

287 1472 2488 188 sur ce pont, juste exactement au moment où commençait

291 1636 2435 147 ce drame, m’a PROUVÉ REMARQUABLEMENT la MYSTÉRIEUSE

287 1787 2381 160 RELATION qui peut exister dans les destinées humaines.

648 1947 2172 189 En effet, pour que je réussisse cet exploit, il fallait

254 2103 2677 172 non seulement que je me trouv>asse< là au moment opportun ⋎NECESSAIRE

2512 2062 386 119 opportun

275 2275 2434 156 PRECIS , mais encore que précisemment l’année >dernière< à

2246 2239 390 106 d’avant

279 2419 2504 164 l’armée, on m’eut inculqué et instruit l’art de SAVOIR

299 2591 1815 168 sauver un noyé et VAINCRE sa propre peur.

632 2731 2119 205 Mais le vrai mystère réside surtout ⋎ que je fus

2159 2632 399 193 dans le fait

287 2899 2464 184 le PREMIER TÉMOIN de ce drame. Pourquoi moi et

291 3055 665 176 pas d’autres ?

656 3210 2045 205 Pourquoi, en dépit de mon projet, n’ais-je pas

299 3366 2632 189 hésité une seule fraction de seconde, de me jeter à l’eau

2073 3370 70 123 à

299 3547 2620 147 tout habillé, et ainsi COMPROMETTRE peut être IRREME-

287 3723 2542 127 -DIABLEMENT TOUTE LA SUITE DE MES PROJETS ?

114 3932 395 259 [17/2]

681 3945 1289 147 PREMIERE FRONTIÈRE

640 4076 2250 201 Le franchissement de cette première frontière fut

299 4260 2550 177 si BANAL pour moi, que je me suis demandé tout de

295 4404 2476 168 Suite, si vraiment il avait fallu plusieurs dizaines de

295 4576 2521 324 millions de morts, pour faire comprendre aux humains

2677 98 160 193 8
