3059 4921
406 16 2230 275 Combien peut^vent être PERNICIEUX, les recits plus ou moins

402 270 2373 185 "ROMANCÉS" où l’on met en exhergue, la violence, la haine,

427 438 1913 177 La "force", et surtout LA BÊTISE HUMAINE.

919 606 743 152 LES MOYENS.

558 750 2303 184 En 15 semaines j’etudiais L’ESPERANTO et la sténo-

394 922 1695 177 graphie Duployé, seul et sans maitre. .

587 1078 2254 189 A Lyon, je fréquentais le TOURING-CLUB de France et

418 1250 2415 160 les clubs des ESPERANTISTES [Qui à cette epoque étaient

410 1390 2324 213 déjà assez liés.] En été 1927, je pris part à Lyon

402 1587 2451 139 à un congrès INTERNATIONAL DES ESPERANTISTES. DE. S.A.T

755 1714 1987 196 Ces faits me fortifierent dans le projet SECRET

418 1886 2435 160 de tenter un voyage autour du monde A VELO. Bien que

394 2038 2459 192 cette époque se caractérise par une fievre de divers records,

398 2189 2390 185 surtout en aviation, le fait d’ exposer mon projet à mes

406 2362 2402 160 meilleurs copains, me faisait considérer comme un " SINGLÉ

418 2526 2308 180 un peu ZAZA sur les marges" . [ Phrase type, qui

431 2681 1580 160 en dit beaucoup, sans rien définir ].

2611 2792 131 119 de

710 2837 2082 168 C’ est EXACTEMENT le sentiment qu’eurent >pour<

402 2989 2439 193 moi les employés du bureau des passeports, quand je leur

414 3169 879 181 exposais mes projets.

722 3313 2144 176 Un seul groupe de camarades ne se moqua pas

422 3465 2209 188 trop de moi, c’était le groupe des cyclotouristes

427 3625 2011 184 alpinistes du Touring -club de France de Lyon.

780 3789 2086 176 Les difficulté " BUROCRATIQUES et PAPERASSIERES "

431 3936 2254 193 [les plus difficiles à vaincre] commencèrent, juste au

427 4100 2307 185 bureau des passeports et aux différents consulats, pour

447 4277 2460 176 obtenir les VISAS. Après 4 années de guerre mondiale

435 4428 2168 173 les rapports " OFFICIELS NORMAUX entre les peuples

472 4588 1511 308 étaient loin d’ être APPLANIS.

2656 12 173 299 7
