3046 4921
1108 98 361 82 frontières

467 118 1967 156 L’INANITE des la STUPIDITE HUMAINE. Aucune

2261 241 210 107 aussi

2668 278 131 58 ce

455 262 2352 184 frontiere naturelle : mer, montagne, fleuve, n’est aussi si EFFICASSE

455 426 2426 189 que LES BARIERES ARTIFICIELLES que les hommes dressent

455 578 2406 168 entre eux, qui n’ont d’ EGALES, que le chaos des langues.

759 738 2028 184 Et combien me paraisse prophétiques, ces vers de

402 898 2295 172 ZAMENHOF lui même : — " Nous abattrons les obstacles

398 1045 2463 205 obstinés, par la seule force de notre saint amour [réciproque]

164 1312 381 197 [19/2]

595 1328 2311 148 PREMIERS CONTACTS AVEC LES PAYSANS ALLEMANDS

640 1451 2044 197 Ces premiers contacts, avec les paysans d’outre Rhin,

476 1611 2311 172 me prouvèrent que loin d’avoir de la haine contre les

472 1767 2171 197 français, après cinq années de "boucherie inqualifiable"

504 1927 2193 201 j’etais accueilli, avec bien plus de largeur d’esprit

480 2083 2184 201 que des siècles de propagande haineuse, entre nos deux

931 2226 140 144 ent

472 2251 1629 205 peuples, aurait pu le laisser supposer.

812 2407 2090 205 J’ajoute même, que 4 années après, quand je revins

492 2571 2418 192 en France, certains paysans — mes compatriotes,— me reçurent

492 2727 2299 196 beaucoup plus mal, ce qui me prouva une fois de

480 2911 2167 156 plus que " NUL N’EST PROPHETE DANS SON PAYS

311 3128 354 193 [23/2]

697 3157 2172 144 PREMIERES IMPRESSION SUR L’ALLEMAGNE

648 3292 2213 185 L’ordre, la discipline, la propreté, l’hygiène publique

484 3436 2381 197 me "sautèrent aux yeux" tellement la comparaison avec

496 3600 2316 180 les mœurs françaises de l’époque (1928) était FLAGRANTE

751 3764 2097 193 C’est pourquoi >< expériences de mon voyage

476 3924 2299 180 m’ont prouvé, que : APRES LE JAPON, l’Allemagne

492 4072 2324 184 paraissait être la nation la plus développée de

513 4236 2237 192 cette période d’ après guerre. Il faut souligner

500 4404 2390 164 tout de même que ces deux nations , N’AVAIENT PAS

517 4613 2093 291 SOUFFERT DES DEVASTATION DE GUERRE.

2656 155 127 127 9
