3059 4921
385 20 1828 344 OÙ AIS-JE COMMENCÉ MON VOYAGE ?

316 356 2307 156 En fait, je l’ai commencé sur la côte ATLANTIQUE, A

328 520 2546 177 BIARRITZ, station balnéaire du pays Basque, près de la frontière

320 676 2332 205 espagnole.. J’y étais allé en congé juste avant le service

324 848 2525 152 militaire, à vélo depuis LAVARDAC, et même DEPUIS PARIS, d’où

344 1004 1700 181 j’etais arrivé à vélo quelques jours avant.

578 1148 2275 176 Après mon service militaire accompli je repartis donc

328 1312 2562 193 en 1927, à Lyon, toujours à vélo, à travers le Massif central.

500 1463 2394 189 Le point culminant de cet itinéraire fut le Mont Lorian.

472 1644 2385 180 Cela signifie, que quand j>e< "Suis ARRIVE A VLADIVOS-

324 1792 2422 180 -TOK, en extrême orient Sibérien, le 5 Juillet 1930, j’étais

312 1993 2533 123 VRAISEMBLABLEMENT LE PREMIER HOMME ET SURTOUT LE

328 2107 2423 193 PREMIER FRANÇAIS QUI reliait l’ océan Atlantique, à

328 2271 2525 160 l’ocean Pacifique A VELO GRÂCE A L’ESPERANTO.

739 2522 2036 155 OÙ >AISJ<. AIS-JE FINI MON VOYAGE ?

574 2657 2255 188 A mon point de Depart, c’est à dire mon village

328 2829 2460 181 natal de LAVARDAC EN GASCOGNE le 24 Juillet 1932

771 3059 1109 164 BUTS ET MOYENS

361 3215 2505 192 M’instruire, étudier les causes des guerres modernes, propager

340 3379 2435 184 l’idée d’ une fraternisation universelle grâce à une langue

780 3518 418 103 NEUTRE ET

344 3555 1602 156 internationale ⋎ RECENTE : L’ ESPERANTO.

677 3711 2123 151 Servir mes frères TRAVAILLEURS du monde entier

2365 3834 205 102 leur

344 3854 2382 185 par la publication d’ un récit fait par un des ><, et

340 4018 2443 177 mis à leur portée, d’une façon la plus compréhensible

357 4186 2123 177 possible, sans grands mots ni vaines périphrases.

673 4326 2209 168 Les amuser en les instruisant, surtout les jeunes

500 4498 2292 193 Leur faire comprendre par des exemples VÉCUS que rien

385 4658 1631 238 sur notre terre, n’est gagné d’avance.

2627 8 177 287 6
