2971 4826
445 93 1968 118 AVANT TOUT celui qui ORDONNA et DIRIGEA

434 225 1936 155 les INTERVENTIONS militaires contre là jeune

447 369 2341 169 U.R.S.S. Et c’est pourquoi aujourd’hui ici, et en général

445 530 2394 169 dans toute l’union soviétique, spontannément la popula-

450 694 2209 158 -tion organise des manifestations publiques de joie.

605 855 2202 163 Et c’est ainsi, qu’à l’évidence, je peux constater

431 997 2325 174 que une vérité d’au delà de la frontière, devient non

431 1174 2376 147 seulement contre vérité en deça, mais aussi, une marque

437 1316 1268 177 infammante et déshonorante.

908 1482 609 166 Additif 1979.

651 1624 1984 169 Et voilà encore une fois, une preuve, que les

455 1780 2371 185 soviétiques qui n’ont rien oublié, se sont empressés d’éle-

450 1946 2185 166 -ver le fameux mur de Berlin. Je rappelle ces

471 2091 2266 182 evènements historiques pour les hommes qui ont la

458 2276 2354 153 mémoire courte, et surtout, parce que ce jour 30-10-1979

461 2410 2365 166 notre Président actuel Mr Giscard d’Estain se trouve

450 2563 2207 177 précisemment à Berlin Ouest, où il est allé, pour

463 2740 2148 158 donner " SIMULTANNÉMENT" des gages de bonne

466 2887 2177 172 volonté à " l’occident ", tout en envoyant un

471 3040 2373 180 télégramme de " LOYALISME "à M^r Brejnef, dirigeant

479 3217 907 145 actuel de l’U.R.S.S.

860 3348 1880 172 Ces gestes "politiques" m’ont rappelé, les

519 3498 2278 189 "SINGERIES" analogues de Daladier en 1938, qui

539 3647 2130 193 "GARANTISSAIT" l’intégrité Tchécoslovaque, tout en

547 3812 2154 181 faisant des "concessions à Hitler". On sait, où

552 3997 2083 166 ces étalements de flagornerie nous ont menés.

845 4142 1900 173 Dieu veuille que cette "HISTOIRE LÀ" ne

506 4321 807 207 se renouvelle pas.

2531 203 163 148 19
