2971 4850
463.0 126.0 1850.0 159.0 Quand à l’équipage feminin, ce n’était pas

448.0 266.0 1936.0 150.0 encore rentré dans les moeurs françaises en 1979.

359.0 513.0 271.0 186.0 11/7.

662.0 525.0 1929.0 137.0 VISITE D’UNE EXPLOITATION VINICOLE.

641.0 654.0 2149.0 175.0 Bien que les Soviétiques soient des buveurs de thé,

407.0 813.0 2450.0 167.0 comme nous français, ils ne " crachent " pas sur le bon VIN.

622.0 972.0 2119.0 167.0 Et précisémment ils en produisent dans les régions

412.0 1131.0 2448.0 178.0 qui s’y prêtent, comme dans ce vignoble bien exposé

396.0 1290.0 2469.0 175.0 aux rayons suds du soleil, situé sur la côte en pleine

393.0 1452.0 2378.0 161.0 mer Noire [ Par opposition à la rade, qui est enclavée plus

396.0 1603.0 2340.0 164.0 au nord, et autour de laquelle s’est batie le port et la

407.0 1783.0 2148.0 146.0 zone industrielle ] [ Dans un rayon de 10 Km, un contraste saisissant ]

803.0 1915.0 2030.0 165.0 comme dans nos vignobles bordelais, le vignoble

404.0 2061.0 2275.0 170.0 est dominé et régi par " SON CHÂTEAU ". Avant la

399.0 2236.0 2434.0 162.0 Révolution ce chateau était habité par un "maitre", un

399.0 2406.0 2286.0 156.0 hobereau, qui régnait en maitre ABSOLU sur ses serfs.

749.0 2546.0 2017.0 175.0 Aujourd’hui, le chateau est transformé en une

396.0 2691.0 2376.0 210.0 institution refuge, pour les " BEZPRIZORNIJ ", en français

407.0 2888.0 1954.0 135.0 les enfants ABANDONNÉS, de la REVOLUTION.

811.0 3020.0 2014.0 151.0 Sincèrement j’avoue que la visite du "chateau"

420.0 3179.0 2416.0 164.0 a déçu mes espérances, par sa tenue médiocre. Et tout

409.0 3346.0 2405.0 151.0 d’abord, le chateau était sérieusement " AMOCHÉ ", demi

420.0 3518.0 2432.0 141.0 en ruine par faits de guerre. J’ai été reçu par un

417.0 3650.0 2260.0 165.0 jeune couple >< " directeur ", à l’improviste, bien

415.0 3809.0 2431.0 159.0 entendu. Ceux ci, vivaient à peine mieux que leurs

401.0 3960.0 2435.0 173.0 protégés. Ils m’avouent [ grace à mon ami Kapoustin ]

412.0 4119.0 2203.0 159.0 que comme je le constate, cette institution a été

412.0 4273.0 2213.0 148.0 IMPROVISÉE par nécessité, de recueillir rapidement

417.0 4443.0 2405.0 145.0 tous ces pauvres orphelins de guerre, dans un climat

420.0 4591.0 1806.0 218.0 le plus DOUX de la Russie d’Europe.

2534.0 8.0 198.0 448.0 16
