2971 4826
455.0 123.0 1767.0 179.0 de l’époque, [démodés aujourd’hui peut-être]

458.0 292.0 1842.0 163.0 laissaient présager, les jours meilleurs, que de

461.0 439.0 2220.0 172.0 toute évidence, les peuples soviétiques, vivent maintenant

305.0 679.0 302.0 157.0 12/7 -

680.0 667.0 2186.0 185.0 Mon ami Kapoustin accompagné de son fils, m’avait

450.0 836.0 2303.0 161.0 conduit à pied, dans cette exploitation. agricole, située

455.0 997.0 2135.0 161.0 au-delà de la ligne de crête, en plein sud.

734.0 1160.0 1875.0 161.0 Ce jour là, j’ai été témoin d’un de ces

453.0 1300.0 2255.0 177.0 mystères de la nature. Le flanc nord de la ligne

458.0 1479.0 2279.0 140.0 de crête était enneigé et il faisait au moins 10° au

469.0 1611.0 2365.0 179.0 dessous de zero. Le flanc sud jouissait d’un ensoleille-

463.0 1782.0 2387.0 156.0 -ment remarquable ; la neige avait disparue, et les vignes

485.0 1938.0 1973.0 169.0 étaient toujours couvertes de feuilles vert-jaune.

740.0 2088.0 2027.0 164.0 Quand au fait d’aller à pied, c’était encore le

488.0 2244.0 2255.0 177.0 seul et unique moyen de transport dans la plus

474.0 2415.0 2346.0 156.0 grande partie du monde ; puisque un vélo, mon vélo

485.0 2565.0 2311.0 172.0 fut partout l’objet de la curiosité générale, comme

477.0 2726.0 2365.0 169.0 maintenant par exemple on admire toujours une aile

493.0 2882.0 1499.0 169.0 volante ou une planche à voile.

318.0 3104.0 305.0 209.0 16/7.

692.0 3124.0 1349.0 145.0 MORT DU MARECHAL FOCH.

758.0 3278.0 1934.0 161.0 Aujourd’hui 27 mars 1929, la presse locale

469.0 3429.0 2225.0 158.0 annonce une nouvelle sensationnelle : la mort du

463.0 3584.0 2328.0 164.0 Maréchal FOCH. Pour nous français, Foch restera avec

493.0 3742.0 2333.0 177.0 Joffre les deux généraux qui furent les artisans de

479.0 3903.0 2261.0 153.0 la Victoire de 1917, le généralissime des armées

490.0 4053.0 2215.0 150.0 alliées et le promoteur de "l’admirable" traité

490.0 4209.0 2287.0 153.0 de Versailles. Il devint notre héros national, et

482.0 4367.0 2365.0 169.0 doublement pour nous gascons dont il était notre

477.0 4525.0 2386.0 258.0 compatriote régional. Mais pour les soviétiques, il fut

2587.0 214.0 121.0 145.0 18
