3005 4850
533 72 1990 166 7eme MANIFOLD EN ESPERANTO - URSS. Suite

307 472 1407 174 5/7 - UNE FÊTE FAMILIALE.

558 303 1731 157 VIE DE TOUS LES JOURS : SUITE.

643 606 2107 198 D’après la description des >< page 1 à 5, le

477 780 2220 181 lecteur a pu constater, que malgré cette époque

481 917 2313 194 troublée et difficile, non seulement le peuple sovié-

481 1075 2293 190 -tique n’était pas bridé, mais que selon tous les

473 1236 2333 170 témoignages que j’ai recueillis, JAMAIS dans la Russie

473 1398 2317 186 tzariste, les ouvriers et les paysans, soit le " menu

465 1547 2236 199 peuple, n’avait jamais joui de tant de liberté.

339 1790 304 198 5/7.

699 1802 2099 166 J’AI ÉTÉ MALADE, et j’ai été visité par

469 1956 2176 169 un jeune médecin, dans ma chambre ; ensuite

461 2109 2212 182 une aide sociale vint me prodiguer ses soins.

727 2279 1914 174 Je n’ai rien payé, le service social s’est

465 2408 2341 202 chargé de tout, y compris d’appeler le médecin.

727 2574 1930 190 Sitôt rétabli, j’ai repris mon travail tout

485 2728 2354 194 simplement, et mon salaire m’a été payé, comme

481 2889 1076 174 si j’avais travaillé.

432 3136 295 157 7/7 .

796 3136 2018 149 VISITE D’UN NAVIRE SOVIETIQUE. tout

485 3269 2176 190 neuf. C’ est la première fois que je constate

493 3423 2241 194 qu’il est entièrement électrifié et très confortable.

715 3601 2075 182 C’ est la première fois aussi, que je remarque

493 3750 1650 210 des membres de l’équipage féminin.

683 3900 2127 182 Lecteur ne souris pas : à cette époque, même

513 4061 2350 170 en France, non seulement les navires étaient incon-

517 4203 2293 210 -fortables pour l’équipage, mais l’électrification et

497 4369 2358 190 le confort des logements était à peine concevable,

525 4542 1517 283 dans certaines villes ou villages.

2580 210 158 169 15
