2971 4850
563 110 1831 137 Malheureusement ces victimes spéciales de la

458 250 2011 167 Révolution, se chiffraient par millions, et les des-

463 406 2327 149 -tructions étaient aussi incalculables. De plus, bien que

493 568 2356 156 "l’occident" savait très bien ces difficultés son aide

477 730 2378 178 officielle se bornait à entretenir partout des foyers de

474 894 2375 156 guerre ; mutin de la mer Noire, expédition extrême orientale,

479 1050 2378 167 hostilités systématiques partout, de la part des (bons)

472 1188 2272 178 patriotes. Heureusement que dans cette période de

471 1366 2254 148 terreurs et d’horreurs, le PROLETARIAT INTERNATIONAL en

471 1506 2214 172 général se montra à la hauteur de la solidarité

477 1665 2173 178 nécéssaire. Une fois de plus je suis obligé de

485 1848 2224 143 souligner, que les OUTRANCES attribuées à STALINE,

471 2012 2373 140 ne furent hélas que des REACTIONS LEGITIMES, d’un

487 2179 2087 127 HAUT RESPONSABLE AUX ABOIS, ATTAQUE DE PARTOUT.

714 2376 2116 162 Quand à la visite du vignoble et à la réception

479 2540 2287 167 de ses travailleurs, je l’ai décrite page 7/7. J’ai pu

482 2689 2332 172 constaté, une très belle exploitation, vinicole comparable

482 2874 2143 154 à nos exploitations gasconnes, y compris pour les

474 3015 2294 161 materiels de vinification aussi modernes que ceux de

477 3187 1178 143 la France à cette époque.

905 3446 693 105 ADDITIF 1979

700 3572 2049 143 Récemment, j’ai assisté à une séance de telévision

479 3721 2292 161 décrivant un congrès international de vignerons dans

490 3893 2300 148 cette région ; d’après les images présentés, j’ai pu me

487 4049 2311 140 rendre compte des RESULTATS obtenus, et donc du

493 4200 2248 162 chemin parcouru par les soviétiques, même dans cette

490 4343 2370 164 branche de production. Que le lecteur honnête, fasse

487 4513 2346 161 un bilan, et il se rendra compte, que mes comptes

2585 4629 272 183 rendus

2566 145 170 202 17
