3046 4825
386 112 1874 158 malgré tout FIER d’avoir eu la possibilite

380 260 1848 171 de prendre part, à cette grandiose gestation

372 415 2073 166 historique, de la si admirable population sovietique.

176 694 2625 107 APRES UNE ECLIPSE DE PLUS D’UN AN, POUR CAUSE DE MALADIE

176 849 2601 115 ET D’INDISPONIBILITE DU MANUSCRIT EN ESPERANTO, J’AI REPRIS LA

176 1010 1320 110 TRADUCTION LE 1er AVRIL 1982

1083 1112 322 155 16/12

957 1297 498 129 page 16/5^F

1683 1294 786 150 HISTOIRE DE NEZ

442 1439 2418 153 Ce matin fà, je me rendais à mon travail, comme à l’ordinaire

150 1605 2729 153 le long des rues, heuresement bien éclairées. Subitement, un jeune homme

150 1753 2745 168 qui venait en face de moi, se précipite sur mon visage avec une boule de

150 1929 2593 161 neige dans sa main, et m’en frotta vigoureusement le nez..... Il

144 2085 2682 153 gèle à pierre fendre dans les moins 40 degrés, ce qui pour un français

160 2224 2065 167 est franchement indéliquat, (et même pour un indigène)

479 2391 2301 144 Ce geste vraisemblablement sauva mon nez d’une grave gelure

147 2554 2767 161 pouvant aller jusqu’à l’amputation. Mais depuis, quand je dois supporter

150 2702 2622 152 des sautes positives ou négatives de température, je perçois nettement

139 2868 2684 139 un picotement à l’extrémité de mon nez, qui reste encore INSENSIBILISÉ

144 3023 2623 142 en temps normal. En effet la victime, en l’occurence moi-même

142 3173 2665 161 sur le coup du froid rigoureux, ne sens rien ; le seul symtome, est

2398 3132 104 112 p

142 3326 2469 164 que la partie en train de geler, devient toute blanche (cadavèrique)

386 3487 2332 153 Et ici, en Siberie, tout le monde sait très bien que le

160 3632 2719 169 remède à cette gélure, consiste justement à combattre le froid par le

152 3811 2703 158 froid, en l’occurence de la neige (Quand il y en à) parce que dans

158 3959 2670 166 certaines régions il n’y en a pas toujours). En fait je savais cela,

144 4141 2481 137 mais bien entendu je croyais que cela n’arrivait qu’aux autres.

496 4278 2421 147 Ici l’accoutumance joue son rôle pleinement, car les indigènes

147 4444 2748 150 savent même dormir, par une telle temperature, et même "faire l’amour"

2568 206 118 129 16
