3040 4825
214 117 2003 132 ADDITIF. 1 - Je souligne, que je serai ammené à décrire

203 246 2078 156 des situations SIMILAIRES, dont je serai le témoin en Chine et

203 388 2480 182 en Indochine. Comme pour ces problèmes sovietiques, je m’efforcerai de les

195 552 2638 174 traiter le plus objectivement possible, laissant à plus compétant que moi ; le

206 753 721 115 soin de les résoudre.

726 892 981 123 Additif 2 du 30-3-1976

595 1026 2155 156 Récemment j’ai reçu un très éloquent journal, qui m’avait été

197 1170 2549 176 adressé par les dirigeants français de la "Religion orthodoxe", hors l’U.R.S.S.

487 1332 2301 163 Ce journal était rédigé en français, et donc facile à lire pour moi.

327 1503 2479 145 Tout le contenu, était exclusivement constitué par des RAGOTS ANTI-

174 1645 2600 172 -SOVIETIQUE, où la partie exclusivement religieuse, était une portion congrue.

353 1817 2349 155 Cette lecture en tout cas, m’a prouvé, que les champions de la

155 1986 2673 145 "CHARITE RELIGIEUSE" avaient vraîement une vue personnelle, de l’AMOUR DU

147 2125 2539 164 PROCHAIN." : De même, vers cette époque, j’ai assisté dans une petite

136 2270 2568 158 église du Sud-Ouest de la France, à une GRAND-MESSE du dimanche

308 2439 2415 166 Je donne ma parole d’honneur, que le "Sermont" du prêtre, était

125 2597 2668 153 exclusivement une DIATRIBE anticommuniste et antisoviétique. Qu’on était loin

136 2760 2512 161 de la parole du Christ : -" Aimez-vous et aidez-vous les uns les autres".

273 2908 2568 174 Et après cela, ami lecteur, vous étonnerez-vous, : "Que la paix sur la

116 3043 2373 177 terre aux hommes de bonne volonté", ne soit pas encore instaurée ?

104 3302 2450 155 21-12 J’AI GUIDÉ UN COURS D’ESPERANTO PAR

117 3487 1612 126 19/5 LA METHODE DIRECTE.

423 3616 2501 168 Et pour cause ; la plupart de mes élèves étaient des BOURIATES

69 3811 2756 113 ET DES MONGOLS. Savez-vous amis lecteurs, quelle est la PATRIE DE

75 3937 2648 150 CES deux peuples ? Elle se trouve en Sibérie orientale sous le

75 4090 2852 214 cercle polaire dans la vallée de la LENA, qui est un fleuve de 4600 Kilometre

383 4246 2354 171 Jusqu’à la REVOLUTION, ces peuples étaient considérés et traités

85 4406 2745 158 comme des sovages. Maintenant ils jouissent des mêmes DROITS et

83 4567 2809 247 devoirs, que TOUT citoyen sovietique, et en particulier DE L’INSTRUCTION

2552 203 139 145 19
