3046 4825
450.0 101.0 2075.0 116.0 Partout et toujours en "occident", "on" a beaucoup critiqué

261.0 209.0 2100.0 164.0 cette propagande de "SATAN". Personnellement, j’ai toujours

268.0 407.0 2464.0 142.0 et encore plaidé pour la "TOLERANCE" et ⋎ les OUTRANCES. [Aussi une fois

1613.0 345.0 233.0 105.0 contre

257.0 530.0 2125.0 197.0 de plus je ne rapporte ici, que les "clichés", que j’ai vécus.]

412.0 699.0 2285.0 172.0 Le premier argument sur lequel se base cette propagande est ainsi

201.0 844.0 2485.0 171.0 FORMULÉ : - " Dans la Russie Tsariste, [comme du reste dans les pays

193.0 1002.0 2603.0 185.0 asiatiques boudhistes], cette propagande, ou ses propagandistes ont calculé,

195.0 1171.0 2502.0 171.0 qu’un minimum de 10/100 de la population, exploite la crédulité

195.0 1353.0 2639.0 142.0 populaire, et VIT EXCLUSIVEMENT POUR et DES RELIGIONS, ce qui

203.0 1485.0 2620.0 163.0 EN FAIT, constitue 10/100 de la population, qui vit au DEPENS

201.0 1643.0 2595.0 150.0 des 90/100 restant, EN VERITABLES PARASITES. Ces 10/100

206.0 1806.0 2531.0 153.0 de citoyens s’allient NATURELLEMENT aux autres DÉTRACTEURS

195.0 1959.0 2695.0 145.0 de la RÉVOLUTION, qui constituent toujours la lie de l’ancien RÉGIME

209.0 2104.0 2611.0 166.0 et donc tout naturellement aussi, COMPLOTENT avec eux. Et les plus

201.0 2255.0 2696.0 181.0 belles preuves de ces ASSERTIONS, c’est la "floraison" vraiement abusive

206.0 2423.0 2649.0 187.0 des églises ou lieux de culte dans certains districts. Cela est si vrai,

211.0 2594.0 2623.0 164.0 que souvent les pouvoirs publics ont été obligé de "raser" certains lieux

206.0 2744.0 2711.0 175.0 du culte, pour pouvoir appliquer les modernes plans d’urbanisme. [Comme du

201.0 2895.0 2641.0 187.0 reste en "OCCIDENT" on n’a pas hésiter à le faire, quand cela s’avérait

211.0 3061.0 2647.0 158.0 NECESSAIRE.] En fait, la propagande antireligieuse, visait surtout, à

201.0 3227.0 2705.0 155.0 ABOLIR certains privilegiés , parmi le haut clergé, qui continuaient

209.0 3380.0 2552.0 152.0 à s’arroger des droits dont ils bénéficiaient sous l’ancien régime.

434.0 3524.0 2435.0 169.0 Et cet argument était tellement évident que petit à petit, il se

206.0 3707.0 2654.0 136.0 trouva des prélats pour souscrire un CONCORDAT avec le nouveau

222.0 3868.0 2561.0 142.0 régime. [Je fais remarquer que l’Eglise orthodoxe, est et était déja, TOUT A

214.0 4020.0 2649.0 134.0 FAIT INDEPENDANTE de l’Eglise Catholique ou autres, donc n’obéissait ni aux

219.0 4157.0 2542.0 164.0 PAPES, ni aux Eglises réformées.] En fait ce concordat ressemble

206.0 4315.0 2660.0 180.0 beaucoup à la convention française, de la séparation des Eglises et de

214.0 4471.0 354.0 144.0 l’Etat.

1388.0 4476.0 966.0 193.0 (Suite et fin page 19).

2512.0 201.0 163.0 160.0 18
