3031 4836
268 115 2472 132 (N’est-ce pas TROUBLANT, ces coïncidences Des retours) ? Pendant toutes les

257 261 2250 174 années de guerre et d’après guerre, je me DEBATIS, dans des difficulté

268 437 2628 151 INOUIES, pour soigner ma légitime. A la suite de difficultés insurmontables, (nouv-

266 620 2493 116 -el ACCIDENT DE TRAVAIL pour moi, à la suite duquel, mon épouse FAILLIT

266 768 2611 140 MOURIR DE FROID ET DE FAIM à cause d’une opération urgente et grave, qu’il

263 916 2628 155 fallut me faire,] NOUS DÛMES nous séparer, elle pour aller se faire soigner

266 1090 2619 135 dans les hôpitaux, et moi, pour me relever de la servitude de béquilles.. Je connus

263 1257 2499 129 donc, ma seconde femme – concubine forcée, puisque je ne pouvais ni ne voulais

266 1418 2458 121 divorcer. Ma femme légitime est morte en 1981, après 41 années de position

263 1555 2558 137 couchée obligatoire. Le but de cette DIGRESSION, n’est pas, de vous raconter

260 1692 2480 167 mes malheurs, je le définis ci- dessous. Avec la mort de ma concubiné

257 1888 2470 118 s’ écroule et disparaît tout un pan de ma vie APRÈS mon retour de ma

257 2039 2524 145 randonnée à travers le monde. Je tombais malade, déjà âgé de 70 ans, et

257 2208 2435 129 seul, je vins ici à Saint-Cast, pour vivre avec une autre amie, et où fort

252 2369 1741 124 heureusement, avec le calme, je retrouvais la santé.

736 2528 2168 131 Je puis ami lecteur, vous assurér que si j’en avais le temps, j’aurais

263 2694 2544 127 assez de (mauvais) souvenirs pour noircir un nouveau roman de plusieurs centaines

263 2831 2531 159 de pages. En effet, une chose qui de tout temps m’a le plus frappé

260 3003 2582 132 dans la littérature, c’est que à part Hugo et Zola, ⋎ les auteurs " bien pensants"

1856 2933 401 105 et quelques autres

266 3167 2533 126 ont toujours eus tendances, à se FLAGORNER ⋎ , c’est à dire à raconter la

1738 3095 734 102 que dis-je, d’ADULER

268 3315 2526 134 vie des GRANDS de ce monde, et à flatter simultanément leurs " modèles"

271 3484 2493 121 et la jalousie ou autres sentiments intéressés de leurs lecteurs. Certe, il se

274 3645 2536 129 trouve quelques auteurs qui se sont penchés sur le sort des basses classes, des

266 3793 2541 118 humbles, mais ils sont rares. "L’ interêt immédiat seul" est le moteur

266 3941 2437 137 des actions de la foule des hommes, et surtout d’une certaine "élite" bien

268 4107 2523 148 pensante et bien élevée. Et cependant, ces rois du langage et des phrases

274 4269 2609 147 ronflantes, n’ont qu’a se pencher, pour cuellir la détresse et les drames humains

279 4454 2496 113 dans les milieux des émigrés, des sans emplois des "culs terreux" et autres

261 4557 2233 270 désherités de ce monde, de la misère et de la sottise humaine.

2636 245 165 182 29
