3031 4836
478.0 110.0 2354.0 139.0 COMPARAISON AVEC UN MARIAGE "A LA GASCONNE

249.0 302.0 424.0 117.0 22-11-115

713.0 253.0 1713.0 174.0 En mettant au net, mes notes sténo, il m’a paru

287.0 427.0 2534.0 164.0 27/8M. intéressant de comparer cette cérémonie Chinoise du mariage, avec celle qui

255.0 607.0 2558.0 153.0 se pratiquait encore dans mon bourg natal de Lavardac en Gascogne, vers la même

260.0 754.0 2655.0 156.0 époque. J’ai pensé, qu’ainsi les amateurs des folklores, surtout notre postérité, pourr-

257.0 926.0 2628.0 145.0 -ont édifier leur curiosité, en comparant des moeurs, dans le fond si similaires,

255.0 1066.0 2139.0 169.0 malgré la distance géographique des pays où elles eurent lieux.

470.0 1251.0 2391.0 124.0 Donc, dans les pages 11-12-13 et 14 du 22 ieme manifold Esp., J’ai brossé

322.0 1348.0 113.0 137.0 bref

247.0 1405.0 2466.0 129.0 un ⋎ tableau, de ces cérémonies nuptiales (au plein sens du terme) et j’ai

247.0 1566.0 2488.0 140.0 conclu cet exposé, par le dernier tableau, que j’ai cru interessant de reporter

249.0 1736.0 351.0 129.0 ci-dessous :

616.0 1704.0 355.0 178.0 22-14-115

647.0 1904.0 331.0 92.0 27 / 8M.

1051.0 1757.0 1709.0 169.0 "Pendant le dernier acte de ces scènes burlesques

279.0 1963.0 2550.0 146.0 quand les jeunes invités d’honneur, ont voulu jeter le fiancé dans les bras

271.0 2117.0 2469.0 145.0 de sa promise, il s’est REBBUFÉ. Pourquoi ? Tout simplement, car il

268.0 2289.0 2542.0 129.0 était BRETON, et que dans sa province natale, ils ne pratiquent pas le même

271.0 2442.0 2588.0 147.0 cérémonial. Et cela, malgré que on l’ut averti, des farces populaires, de ce rite.

566.0 2606.0 2188.0 139.0 Cependant, comme malgré tout, il comprenait la plaisanterie, quand il

274.0 2767.0 2456.0 134.0 sentit sa fiancée dans ses bras il se calma rapidement, et la cerémonie finit

268.0 2925.0 2389.0 137.0 tard dans la soirée, dans la joie et les éclats de rire d’une grande partie

274.0 3095.0 1093.0 123.0 des habitants de notre quartier.".

682.0 3250.0 2136.0 135.0 J’ai moi-même ressenti la même impression, quant la première fois,

268.0 3390.0 2588.0 159.0 mes supporters sovietiques, me firent sauter au plafond, à la force de leurs bras.

521.0 3570.0 2297.0 129.0 C’est une drôle de sensation ; peut être un lecteur assidu de tout mon

276.0 3710.0 1156.0 145.0 récit, se rappelle-t-il cet épisode ?

970.0 3887.0 486.0 126.0 Additif 1982.

566.0 4043.0 2215.0 137.0 Ce mariage "gascon", fut également le DERNIER, # j’eus l’occasion d’

2055.0 3992.0 210.0 91.0 auquel

282.0 4210.0 2512.0 120.0 assister vers 1918, entre une marraine de guerre gasconne et son fiancé Breton.

561.0 4363.0 2166.0 126.0 Pour la curiosité du lecteur, j’ajouterai, que ces deux époux vécurent

292.0 4529.0 2513.0 110.0 heureux à Lavardac ou sa région et moururent très unis vers 1960, après plus

467.0 4618.0 2289.0 209.0 de 40 ans de vie commune. (Lui etait un mutile de la guerre 14-18).

2636.0 249.0 161.0 186.0 27
