3031 4836
266 0 386 270 22-17-115

689 4 1543 245 MON DERNIER JOUR A SHANGAY.

270 261 298 146 28/8 M.

584 253 1693 166 DEPART VERS L’EUROPE, EN BATEAU

550 448 1185 121 DE MONSIEUR SCHERER.

623 607 2069 137 Les espérantistes de Shangay et moi, ⋎ avons accompagné M^r Schérer au

1668 510 605 132 Le 16 novembre 1930

252 773 2590 137 bateau, comme un parent. Depuis je n’aurais plus entendu parler de lui, si par

252 921 2617 134 hasard, vers 1970-72, j’ai appris par un journal espérantiste, que tout de suite

260 1090 2631 127 après son retour aux U.S.A, il avait réussit à publier un livre, illustré de nombreu-

257 1243 2446 148 ses photos. Il eut donc plus de chance que moi. Je rappelle, que je suis

271 1405 2536 145 revenu dans ma famille à Lavardac – Lot et-garonne, fin Juillet 1932, et que le

260 1560 2531 124 lendemain de mon retour, dans un accident de travail, je me rompis la cheville

268 1730 2523 137 du pied droit, ce qui de nouveau bouleversa mes projets et donc ma vie ; entre

268 1894 2322 126 autre chose, l’ajournement indéterminé de la mise au net de mon récit.

575 2052 2254 129 Je quittais Shangay A vélo, direction NANKIN, but à atteindre KANTON

263 2205 2534 140 le lundi 17 novembre 1930. Le premier obstacle que je rencontrais fut : LES

139 2375 2623 96 22/17/116 DIFFICULTES POUR TROUVER DES HÔTELS, SUR MON

145 2522 2738 137 28/8m. TRAJET. Je l’ai donc noté dans les pages 20-22 du 17 ieme manifold

333 2675 2434 135 Que le lecteur veuille bien ⋎ noter cet obstacle, car il sera pour moi le

1198 2632 158 94 aussi

142 2839 2609 132 principal - - - - . Depuis le moment où le policier, eut quitté l’hôtel où il

139 3009 2612 137 m’avait accompagné, le patron me fit comprendre, qu’il ne pouvait pas me

214 3140 2443 169 loger. Pourquoi ? Tout de suite j’ai supposé que c’était pour "ne pas

206 3318 2615 137 s’exposer à la VINDICTE XENOPHOBE, de la foule qui nous avait accompagné. ?

518 3479 2177 142 C’était un vrai motif, mais il y en avait d’ autres, que je vais

209 3643 844 126 découvrir petit à petit.

165 3856 407 161 ( Page 116 des

628 3824 1572 181 DIGRESSION NÉCÉSSAIRE ?

2196 3792 661 121 (RELIRE LES PAGES )

147 3960 350 110 {extraits en

2200 3876 681 145 ( 20 à 23 de ce manifold)

180 4046 2498 112 ( Esperanto    [ A VOUS LECTEUR DE JUGER] LE 19-12-1974,

185 4191 2660 142 la CONCUBINE avec laquelle je vivais depuis 1953 est morte. Depuis 1940

1398 4126 149 137 ais

214 4363 2596 137 j’étais marié, et le lendemain de mon retour de la guerre, mon épouse

201 4521 2695 102 était alitée à 100/100., CONSECUTIVEMENT A UN ACCIDENT DE TRAVAIL.

1451 4629 609 188 VOIR CI-DESSUS

2638 263 151 142 28
