2993 4790
436.0 95.0 2138.0 157.0 de nombreux "particularismes" [en Esp° : APARTAĴOJ] occidentaux

316.0 260.0 2232.0 149.0 semblent "glisser" sur la carapace chinoise. Et c’est pour cela

295.0 423.0 2516.0 151.0 que j’estime être # { l’erreur, quand nos "stratèges" occidentaux de tous

1113.0 367.0 186.0 122.0 ( érroné

322.0 577.0 2207.0 154.0 "poils" veulent généraliser l’uniformisation apparente occidentale.

647.0 737.0 2034.0 154.0 Vraisemblablement, il faudra encore des décennies, sinon des

279.0 899.0 2543.0 152.0 siècles pour que la "normalisation" des modes de vie, de pensée, d’action

2457.0 854.0 92.0 131.0 et

279.0 1061.0 2532.0 160.0 s’harmonise, y compris sur le plan religieux. Jusqu’à ce moment

263.0 1218.0 2508.0 181.0 la, mon témoignage gardera sa valeur, et, j’ai la "fatuité" de croire

279.0 1389.0 2548.0 154.0 que dans ce processus, une langue internationale comme le veut l’Espe-

282.0 1546.0 2479.0 157.0 -ranto, ne sera pas le facteur le plus négligeable, de ce processus. ?

307.0 1760.0 2446.0 163.0 25^E- P.10-CH7-130-1  LES "CONCESSIONS" ETRANGERES

298.0 2038.0 572.0 133.0 M.F N°10 - p 7-

1206.0 1955.0 1544.0 131.0 Mes amis esperantistes, m’ont amené, dans les

878.0 2107.0 1885.0 157.0 concessions étrangères, pour pouvoir acheter plus facilement

290.0 2256.0 2442.0 146.0 des produits de "normes" occidentales. Ces concessions, dont la plus

284.0 2416.0 2503.0 165.0 importante est la Française, sont groupées ici dans un unique TOUT.

572.0 2594.0 2261.0 138.0 Comme un vulgaire camp de concentration, la "concessiont, "le TOUT"

290.0 2743.0 2604.0 160.0 est fortifiée par un système de douves-canaux, renforcé dans les points

279.0 2895.0 2604.0 154.0 stratégiques par des bloc-HAUS [genre de ceux que les Hitleriens nous ont laissé

276.0 3052.0 2581.0 175.0 en souvenir, un peu partout en France]. Le tout, renforcé par des réseaux

276.0 3209.0 2605.0 167.0 de fils de fer barbelés - électrifiables - et surtout par les flotes militaires

2461.0 3193.0 76.0 96.0 t

295.0 3363.0 2431.0 170.0 Française, Anglaise, Japonaise, U.S.A, Italienne etc... dont les bouches

266.0 3539.0 2455.0 151.0 à feu, "démuselées" sont constamment pointées vers les points

268.0 3709.0 2466.0 149.0 estimés dangereux, des quartiers chinois adjacents. [HITLER N’AVAIT

274.0 3871.0 2575.0 144.0 RIEN INVENTÉ, croyez-moi lecteur]. Et donc pour réussir à rendre

274.0 4004.0 2540.0 168.0 visite à M^r le Consul, je fus obligé de palabrer longuement, avec

268.0 4164.0 2384.0 178.0 le chef du détachement (aujourd’hui français heureusement) pour le

271.0 4348.0 2445.0 143.0 convaincre passeport en main, de me laisser franchir la "frontière"

276.0 4505.0 2450.0 138.0 avec deux de mes accompagnateurs esperantistes, le chinois LI-LOK et

1568.0 4622.0 562.0 160.0 un japonais.

2753.0 276.0 56.0 131.0 7
