3013 4819
340.0 117.0 2190.0 164.0 quand il estimera les moments favorables, pour que les maturites

345.0 283.0 2070.0 142.0 des problèmes de FORMOSE et de HONG-KONG, permettent de les

342.0 444.0 2113.0 131.0 résoudre au moindre mal, pour les vies et interêts Chinois.

629.0 583.0 2247.0 174.0 RESTERA encore à résoudre la reconquete des territoires "SOVIE-

348.0 744.0 2378.0 152.0 -TISES" de l’extrême orient asiatique SAKALINE et les autres. Ce

1892.0 742.0 68.0 97.0 H

366.0 918.0 2360.0 147.0 morceau sera DUR A AVALER, le plus dur, et promet à notre

348.0 1060.0 2378.0 166.0 postérité des aléas historiques INCALCULABLES dès maintenant..

345.0 1239.0 2459.0 158.0 ..... A moins, à moins, que la sottise humaine l’emporte une fois

345.0 1389.0 2550.0 171.0 de plus, et qu’une GUERRE ATOMIQUE, toujours latente, ne vienne changer

337.0 1539.0 2552.0 169.0 les prévisions les plus "pessimistes" des stratèges Chinois ? VELLEDA LE 5-2.1983

353.0 1804.0 2531.0 142.0 25^E- p12-CH 7 - p.132 E  L’ACCUEIL INATENDU DES ESPERANTISTES

1823.0 1758.0 61.0 105.0 N

372.0 2058.0 533.0 118.0 M.F. 10 - p. 9.

1191.0 1983.0 1511.0 113.0 KANTONAIS ET DE LEURS DIRIGEANTS.

1068.0 2120.0 1808.0 160.0 Après la magistrale leçon que m’a parternalismement

342.0 2267.0 2454.0 158.0 donnée M^r. Le Consul de France, l’accueil de ce soir, que me firent

332.0 2425.0 2531.0 170.0 les Esperantistes met en exergue, une fois de plus le proverbe : -"Nul n’est

1217.0 2393.0 68.0 108.0 h

329.0 2594.0 2566.0 166.0 prophète dans son pays" mais aussi : -"Les voyages forment la jeunesse

321.0 2746.0 2525.0 161.0 surtout à l’étranger GRÂCE A L’ESPERANTO".". Le lecteur consen-

324.0 2934.0 2453.0 134.0 -tira par admettre, que ce "JARGON" qui m’a permis TOUS LES

329.0 3060.0 2434.0 156.0 JOURS, de renouveller la "CENE" du Christ, o damnation ! avec

334.0 3250.0 2459.0 147.0 des étrangers aussi divers que les { Allemands, hongrois, sovietiques, Mongols,

1548.0 3193.0 546.0 99.0 ( anglais - americains

340.0 3413.0 2362.0 134.0 Bouriates, Japonais, Chinois, Vietnamiens etc... m’a aussi permis, de

329.0 3536.0 2389.0 171.0 trouver un humain, un frère, chez chacun de ces hommes ou femmes

329.0 3713.0 1658.0 150.0 pris à part, me ressemblant intrinséquement.

1023.0 3890.0 1692.0 149.0 Je ne saurais non plus négligé, qu’il m’a

334.0 4013.0 2371.0 174.0 donné la possibilité de me "frotter", à des grands commis de ce

1707.0 3987.0 140.0 137.0 à

324.0 4197.0 2378.0 140.0 monde, Ambassadeurs, Consuls, hauts policiers, Mandarins, gouverneurs civils et

318.0 4342.0 2403.0 145.0 militaires, etc... sans compter les esperantistes émminents qui ont

293.0 4489.0 2474.0 185.0 "fleuri" les premiers rameaux Esperantistes, je ne nommerais que

2726.0 286.0 80.0 147.0 9
