3004 4796
426 117 2340 138 ceux qui ont frappé mon souvenir, à des titres divers ; le nom

418 285 2116 130 des autres, vous les trouverez aussi dans les pages de ce récit

445 450 2455 120 LANTI - DRESDEN - SĈE - STRASSER - BUBU - BAĴENOV, MAJZLIZ, ŜIMOMURA -

445 615 2391 109 oouda, VON-KEN - AŬ - SIN-PACK - VAN-KINH - SUNARDO - LEZAN -

439 772 1720 107 MASSON - MAŬL - BAUDE - GILBERT - K.T.P. et.c.

733 916 2119 136 Tous ces noms ont ajouté un nouveau fleuron inédit à la

439 1057 2421 160 couronne espérantistes, à des titres divers. En tout cas, leur influence

437 1222 2300 147 a levé dans mon esprit toute idée de sectarisme ; tous à des

434 1369 2372 163 titres divers ont bien servi la cause de l’Espéranto. Cela m’a obligé

429 1548 2329 154 non seulement à vaincre certains préjugés, mais aussi et surtout de

423 1729 2386 141 me convaincre qu’aucune grande cause ne peut et ne pourra s’imposer

429 1889 2425 119 sans un MINIMUM DE DISCIPLINE ET DE TOLERANCE. Après Zamen-

423 2016 2285 174 -hof, que je ne peux disjoindre du peloton, avec de tels hommes,

423 2195 2415 144 l’humanité aura réussi à faire progresser l’idée de paix UNIVERSELLE

429 2338 2380 158 et progresiste comme une réalité militante, et ⋎ plus comme un rêve

2008 2298 192 139 nm

426 2499 2364 136 utopique. A la théorie, ils ont ajouté l’outil indispensable, >< la

2529 2453 203 102 pour

727 2611 325 106 Rationnelle

423 2659 2365 173 destruction ⋎ des barrieres lingvistiques et des préjugés, qui freinait cette

431 2816 2319 152 évolution humanitaire sur notre planète. Aussi ⋎ contre des exploits.

2041 2787 237 106 a l’en

429 2981 2260 149 des grands hommes de guerre, ou des leaders bellicistes dont on

423 3136 2277 157 nous rabat les oreilles tous les jours, j’ai cru de mon devoir

424 3281 2428 180 de rendre hommage à ces pionniers anonymes oubliés du méconnus ?

743 3453 2079 170 Voilà, les réflexions qui m’ont été inspirées, par le pater-

426 3612 2404 160 -nalisme de M^r le Consul, et par l’accueil fraternel des Esperan-

439 3796 1605 136 -tistes Chinois de Kanton ⋎ la même journée.

1279 3738 155 136 dans

348 4012 2368 172 25E - p 14 - CH.7 - p 131-1  PAUPERISME  - MISERE - FAMINE ?

375 4204 2423 136 M.F.10 - p.10 .... Jamais, jusqu’à ce jour, je n’avais

381 4340 2497 149 eu CONSCIENCE d’un tel étalage de miséreux, de mendiats,

383 4500 2223 146 de sans-abris, qu’ici dans ces quartiers portuaires

2654 266 168 144 10
