3006 4810
609.0 133.0 1765.0 104.0 NOTA DE COMPILATION ET DE TRADUCTION

465.0 236.0 2195.0 196.0 Par la suite, je n’ai fais l’expérience de pareilles mesures de

307.0 440.0 2239.0 142.0 protection, que par les troupes Hitleriennes d’occupation 1940-45.

476.0 590.0 2214.0 147.0 En compilant les lignes précédentes, me revint en mémoire les

326.0 737.0 2519.0 166.0 paroles explicatives du chef du >< DETACHEMENT français : - "Ces

331.0 913.0 2461.0 142.0 sévères mesures ont été prises, récemment, pour EVITER, q l’avenir

328.0 1071.0 2530.0 152.0 les manifestations XENOPHOBES, qui eurent lieu il y a quelques mois

342.0 1229.0 2535.0 149.0 quand, la POPULACE a envahi la concession étrangère". [vraisemblablement

336.0 1378.0 2466.0 161.0 à l’occasion des violents combats fraticides qui oposèrent les forces

342.0 1565.0 2532.0 139.0 NATIONALISTES ET COMUNISTES, et qui inaugurèrent la "longue marche

339.0 1710.0 2474.0 157.0 de MAO-TZE-TZUN, dont je préciserais les objectif dans la "Croisière

355.0 1862.0 2437.0 160.0 Jaune", à la fin du cycle Chine.]. Je reviendrait sur ces détails,

339.0 2030.0 2439.0 142.0 mais qu’il me soit permis de demander, qui en France et dans le

339.0 2188.0 2445.0 158.0 monde, preta attention à ces quelques journées, qui VONT modifier l’

336.0 2335.0 2105.0 160.0 histoire de la Chine, et donc de notre planète TERRE ?

676.0 2527.0 1506.0 105.0 .... Le monde ne sait pas où il va....

834.0 2664.0 1974.0 147.0 Seuls les interêts immediats et à courte vue, le DIRIGENT.---

393.0 2931.0 2444.0 107.0 25^E-p-11-CH 7- P. 131 ^E.   ET POUR CONCLURE CE CHAPITRE

393.0 3086.0 2468.0 120.0 M.F. 10 - p. 8 -  Voici donc, cher lecteur, résumé l’"ambiance"

336.0 3222.0 2560.0 155.0 en Chine 1930. Et, j’ai ajouté dans ma traduction.... "VERS les années

342.0 3383.0 2434.0 136.0 70] ..... Les chinois ont ENFIN, réussi à chasser de leur territoire

334.0 3546.0 2490.0 149.0 les " Impérialistes de TOUT POIL", excepté de {HONG-KONG. (Ce territoire

2011.0 3511.0 786.0 83.0 ( FORMOSE = TAÏ-WAN et

334.0 3703.0 2503.0 150.0 fut loué à l’Angleterre, pour 99 ans, et le contrat va se terminer vers

328.0 3850.0 2480.0 169.0 la fin du siècle, de plus la Chine applique là ⋎ une politique "Chinoise"

1995.0 3818.0 510.0 120.0 et à >< FORMOSE

334.0 4005.0 2546.0 174.0 dont la conséquence évidente est d’éviter des effusions de sang, (rappelez

320.0 4187.0 2554.0 136.0 -vous du conflit Chilo-Anglais à cause des Malouïnes en 1982) qui en

342.0 4326.0 2516.0 166.0 fut, l’illustration la plus "drastique". En pratique, le gouvernement

350.0 4513.0 2532.0 128.0 "communiste" se résoudra à s’enlever ce>s< dernières verrues "IMPERIALIS-

2488.0 4625.0 216.0 180.0 TES"

2725.0 260.0 100.0 152.0 8
