3038 4823
463 131 781 118 28^E-p1. AH- N°9. p.144^E

1399 150 1429 115 FIN DE MON SEJOUR EN CHINE

632 369 448 137 MF 11-p. 3.

1343 292 1306 144 Selon mes informations locales et ma

1187 431 1596 158 carte, je devrais atteindre la frontière marine

455 584 2312 166 avec l’Indochine dans la soirée.….. Je rappelle au lecteur,

418 763 2343 142 que cet itinéraire KANTON – FORT-BAYARD, m’avait été IMPOSÉ

404 897 2497 180 par le Consul de France à Kanton, sous prétexte que,’ qctuellement

407 1071 2416 164 en Juillet 1981, vu les conditions diplomatiques exceptionnellement

402 1219 2496 171 tendues, (entre la Chine et la France) [ vous verrez bientôt pourquoi], il

388 1379 2473 177 m’est impossible de franchir la frontière plus au Nord, dans la

388 1570 2448 142 région montagneuse parce qu’ un BANDIT, qui se nomme HO-KI-MNI,

386 1708 2474 156 a DEJA FORMÉ un embryon de "PARTISANS", prétendant à

380 1889 2376 133 LIBERER L’INDOCHINE. En conséquence mon devoir m’oblige à

383 2022 2343 169 vous protéger, et donc, vous n’avez pas d’autre issue d’ entrer

370 2166 965 173 légalement en Indochine.

1437 2154 1464 107 (J’ai sejourné en Chine du 8 novembre 1930 au

1376 2230 1267 129 { 30 Juillet 1931, soit 8 mois et 20 jours

370 2443 1464 145 MFE 28- P.3-CH N°9- INDOCHINE N° 1-p.145^E

1859 2415 1070 169 L’INDOCHINE EN 1931-1932

721 2585 512 158 MF 11 - p3.

1372 2591 1387 155 Entre la Chine et là frontière du

361 2770 2392 134 TONKIN, j’ai VADROUILLE une bonne partie de la journée dans

353 2936 2406 145 une région SEMI-DESERTIQUE, et soudain, je me trouve nez à

361 3089 2365 134 nez, au milieu du maquis, avec un détachement de soldats à

364 3226 2462 168 demi nus. Depuis longtemps ils auraient pu me tirer dessus,

353 3402 2424 140 mais ils se contentèrent de me regarder tous ébahis, sans

361 3558 2438 139 rien me dire. Comme ils n’arboraient pas les insignes Chinois

367 3697 2448 177 j’ en ai déduis que c’ étaient des gardes frontières Indochinois.

616 3863 2132 166 Suis-je donc enfin en Indochine, ou toujours en Chine ?

592 4024 2169 153 Je ne réussis à élucider ce mystère que bien plus tard,

372 4198 2451 140 quand j’ appris que ce NO MANDS LAND, avait été retrocédé à la

375 4354 2477 142 Chine, ainsi du reste que l’Ile de FORT-BAYARD où j’arrivais le

361 4512 2207 158 31 Juillet 1931. trois ans après mon départ du Lyon.

2761 313 73 110 3
