3038 4809
718.0 90.0 1277.0 158.0 IMPORTANTE DIGRESSION

563.0 280.0 1737.0 120.0 EXPEDITION. CITROEN CENTRE ASIE

521.0 432.0 2362.0 134.0 AUTREMENT DIT en abréviation "LA CROISIERE JAUNE" = C.J.

1170.0 611.0 689.0 102.0 AVANT PROPOS,

881.0 745.0 2015.0 160.0 J’ai devant mes yeux deux magnifiques Albums édités

430.0 919.0 2455.0 141.0 en 1932. par la plus importante revue de l’époque : "L’ILLUSTRA-

408.0 1044.0 2352.0 171.0 -TION", Ces deux albums retracent les exploits de l’Equipe

400.0 1210.0 2386.0 144.0 Citroën Centre Asie. Le récit est lui illustré de nombreuses

398.0 1365.0 2378.0 181.0 et belles photographies, prises au jour le jour, tout au long de

387.0 1533.0 2541.0 171.0 l’itinéraire, et ⋎ soulignent ainsi les difficultés techniques surmontées

916.0 1490.0 150.0 96.0 elles

820.0 1691.0 1873.0 181.0 Si j’ai cru bon, d’intercaller cette digression,

374.0 1872.0 2490.0 147.0 juste dans cet endroit précis de mes "notes personnelles", c’est

368.0 2014.0 2368.0 171.0 que je désire attirer l’attention des lecteurs au sujet des

379.0 2185.0 2442.0 150.0 DIFFERENCES mais aussi des {issues de nos deux expéditions,

1600.0 2131.0 267.0 99.0 (resultats

379.0 2337.0 2175.0 152.0 ou pour être plus précis de nos deux "AVENTURES".

830.0 2487.0 2047.0 173.0 Et tout d’abord la C.J. fut organisée à grands

379.0 2642.0 2485.0 203.0 frais de PUBLICITÉ par la grande firme d’automobiles française

382.0 2807.0 2332.0 158.0 à vocation mondiale : CITROËN, dans le but de "lancer"

382.0 2976.0 2474.0 155.0 les "chenilles" tout terrain, issues des fameux "TANKS" de 1916-18.

871.0 3139.0 1963.0 168.0 Moi, je suis parti et arrivé jusqu’ici tout à fait

379.0 3310.0 2445.0 131.0 anonymement, gràce à mes jambes, ma bicyclette, et mon cerveau,

368.0 3446.0 2480.0 163.0 dans le but bien établi, d’étudier sur le tas, LES CAUSES DE

376.0 3633.0 2458.0 120.0 LA GUERRE MONDIALE 14-18. Dans ce but, j’avais étudié et

371.0 3764.0 2455.0 176.0 appris SEUL, la sténo Duployé, et l’Esperanto. - La sténo permet

376.0 3927.0 2448.0 157.0 d’écrire en abrégé et donc plus rapidement et dans un volume plus

371.0 4079.0 2365.0 166.0 restreint que l’écriture ordinaire. L’esperanto se voulait être

368.0 4239.0 2376.0 166.0 une langue internationale NEUTRE, facile, et claire, et par cela

358.0 4421.0 2367.0 150.0 même à la portée des masses populaires ; j’ai VOULU être

360.0 4560.0 2191.0 230.0 le VECTEUR - DIFFUSEUR de cet outil de PAIX.

2757.0 260.0 108.0 164.0 4
