3038 4809
657.0 120.0 2030.0 136.0 Pour acquérir ma subsistance quotidienne, je disposais

408.0 272.0 2282.0 147.0 de deux moyens : 1° La vente de cartes sur la voie publique

472.0 408.0 2357.0 177.0 2^on l’organisation de conférences, qui me furent facilitées, grâce à

395.0 601.0 2455.0 133.0 l’appuie des nombreux espérantistes, que je rencontrais sur ma route

395.0 729.0 2306.0 171.0 et au cours desquelles je parlais de la France, des buts de mon

395.0 903.0 2292.0 160.0 voyage, et je ponctuais ces prises de parole, par des chansons

387.0 1052.0 1950.0 160.0 en Esperanto, ou en Français, dont notre Marseillaise.

860.0 1212.0 2006.0 166.0 Une autre différence remarquable entre la C.J. et moi,

414.0 1370.0 2447.0 174.0 était que la C.J. se composait de plusieurs équipes s’épaulant

371.0 1544.0 2570.0 157.0 mutuellement et communiquant par RADIO, tandis que moi, je roulais

350.0 1691.0 2479.0 171.0 seul. A part ces différences, la C.J. tout comme moi, nous

347.0 1848.0 2541.0 193.0 avons été obligé d’affronter des difficultés géographiques et techniques

342.0 2025.0 2500.0 155.0 insurmontables pour le commun des mortels. Le photos publiées dans

347.0 2177.0 2501.0 171.0 l’Illustration en sont un témoignage frappant. Moi, je ne réussis

339.0 2337.0 2423.0 169.0 pas à prendre des photos, surtout parce qu’à cette époque là, la

339.0 2492.0 2429.0 166.0 prise des clichés était interdite et leur transport, extrêmement gené

342.0 2668.0 1945.0 158.0 par les censures des divers pays, surtout l’URSS.

721.0 2818.0 2178.0 166.0 Effectivement les AUTOS-CHENILLES INNOVAIENT un transport

347.0 2970.0 2487.0 166.0 tout terrain, que moi avec mon seul vélo, j’accomplissais "TOUT

352.0 3149.0 2453.0 145.0 BÊTEMENT". Cependant, ces difficulté m’incitèrent à "INVENTER"

350.0 3299.0 2394.0 152.0 des améliorations pour le tout terrain, comme par exemple des

350.0 3457.0 2500.0 160.0 socs éboueurs, posés en avant des freins, une selle pneumatique,

350.0 3617.0 2559.0 166.0 et surtout un appareil pour rouler sur les rails de chemins de fer.,

772.0 3793.0 2132.0 150.0 ENFIN et SURTOUT, la C.J. était SOUTENUE OFFICIE-

358.0 3935.0 2522.0 160.0 -LLEMENT, par les autorités françaises, dont elle rehaussait le

605.0 4047.0 80.0 104.0 T

380.0 4083.0 2397.0 184.0 "PRESIGE". Moi au contraire, depuis mon départ de Lyon,

371.0 4242.0 2525.0 187.0 jusqu’à mon retour à Paris 4 ans après, je fus moqué, bafoué,

2348.0 4388.0 277.0 104.0 plus tard

358.0 4426.0 2557.0 150.0 boycoté, suspecté, jamais aidé, et même PERSECUTE, ⋎ par ces mêmes

366.0 4573.0 2062.0 222.0 autorités, comme en témoignent mes nombreux notas.

2765.0 296.0 69.0 139.0 5
