3038 4809
729.0 106.0 2023.0 150.0 Avant de continuer cet avant-propos, je m’empresse

360.0 269.0 2245.0 150.0 de dévoiler l’origine des textes en français, que je cite dans

344.0 419.0 2351.0 160.0 ce témoignage. Publiés dans les illustrations datées 28 février, 30 mai,

342.0 590.0 2565.0 166.0 8 Août, 26 septembre et 26 décembre 1931, ainsi que le 26 Janvier, 26 mars,

333.0 750.0 2499.0 142.0 30 Avril, 15 Juin et 30 Juillet 1932. [Date de mon retour dans ma

315.0 884.0 2450.0 173.0 famille et de l’accident de travail consécutif]. La plupart de

336.0 1044.0 2589.0 176.0 ces textes sont signés Monsieur Georges Lefebvre historien de l’Ex-

317.0 1218.0 2403.0 152.0 -pédition. C.J. Celle ci était dirigée par Monsieur G.M. HAARD,

317.0 1383.0 2280.0 147.0 principal responsable, assisté de Monsieur ARDOUIN-DUBREUIL.

812.0 1546.0 1948.0 145.0 Une différence FONDAMENTALE, entre la CJ et moi,

328.0 1709.0 2474.0 142.0 était, que celle-ci, VIVAIT EN AUTARCIE, c’est à dire faisait sa

317.0 1867.0 2587.0 142.0 propre cuisine, et dormait sous des tentes confortables ; moi je mangeais

317.0 2033.0 2432.0 139.0 et dormais chez l’INDIGENE. Eux, n’avaient que des rapports

317.0 2185.0 2603.0 152.0 obligatoires avec les populations rencontrées, moi je vivais systéma-

315.0 2345.0 2495.0 155.0 -tiquement et intimement avec les paysans, partageant, leurs joies,

312.0 2489.0 2520.0 166.0 leurs difficultés, leurs peines, leurs espoirs, en un mot leur vie de

320.0 2652.0 2589.0 163.0 tout les jours - et surtout grâce à l’Esperanto, pouvant DIRECTE-

323.0 2847.0 2511.0 118.0 -MENT COMMUNIQUER de VIVE VOIX, au moins une fois par jour

336.0 2981.0 2549.0 144.0 AVEC xx ces indigènes. Cela me permis de renouveller quotidie-

331.0 3152.0 2608.0 131.0 -nnement LA CENE DE CHRIST", avec tous mes frères humains

317.0 3288.0 2469.0 163.0 sans distinction de classe, race, couleur de peau, religion, et langues.

521.0 3462.0 2295.0 139.0 C’est là que réside le miracle permanent de l’Esperanto,

317.0 3620.0 2191.0 147.0 c’est tellement insolite que ça en paraît outrancier. ?

523.0 3769.0 2261.0 150.0 Les buts poursuivis n’étaient pas les mêmes, et les méthodes

320.0 3924.0 2429.0 158.0 non plus. La C.J. avait pour but principal le mercantilisme

323.0 4095.0 2466.0 150.0 de la vente d’une machine de guerre, ayant fait ses preuves sur

325.0 4242.0 2480.0 152.0 les champs de bataille de Verdun, Perecop, Odessa, Vladivostock etc...

558.0 4410.0 2188.0 171.0 Moi, je ne voulais que propager l’idée et le moyen

323.0 4568.0 2541.0 214.0 d’une FRATERNISATION UNIVERSELLE, après l’écoeurement et l’inanité

2773.0 291.0 69.0 123.0 6
