3001 4843
301 137 2231 132 Et j’ajouterai en 1983, que la situation mondiale actuelle n’>< est

285 290 2261 148 guère plus enviable. ( Se rapporter àux pages 2 à 17 du manifold N° ><.13.]

279 460 428 129 MF 32^E P.23.

689 548 2050 103 RITES ET COUTUMES D’UNE FAMILLE PAYSANNE

1192 699 1117 118 MALAISE : MUSULMANE.

672 847 2043 132 Comme tous les "CULS TERREUX" Du monde, l’attitude

231 1006 2543 142 de  cette famille paysanne musulmane est instructive : Ces cultivateurs

236 1173 2401 131 forestiers, tous comme mes compatriotes LANDAIS, sont naturellement

236 1339 2509 135 HOSPITALIERS. Mais ici en fait ils vivent en demi-esclavage (1932)

234 1487 2670 143 tout au moins en demi-servage, et en fait, pour eux l’homme BLANC

242 1643 2605 146 [dont je suis un spécimen] est synonyme dé "NEGRIER". Et hélas en

231 1818 2635 140 fait je suis forcé de constater, que trop nombreux sont ici les occi-

234 1974 1679 138 -dentaux, qui pratiquent cet état d’ esprit.

247 2206 2638 124 MF 32. P.25  AVARICE ? GASPILLAGE ? OFFENSE PERMANENTE ?

578 2362 2274 153 Une nouvelle fois, je fais l’expérience de l’Hospitalité naturelle, de

239 2534 2595 137 l’ homme simple, proche de la nature, et qu’elle que soit la couleur de sa

244 2701 2568 134 peau, ou la religion affichée. Je constate encore, avec quelle SENSIBILITE,

258 2830 2605 148 cette hospitalité est offerte, et combien il est difficile, de ne PAS OFFENSER

258 3008 2436 129 leur pudeur mais aussi leur BON SENS. Exemple. s’ils constatent

258 3180 2535 113 une AFFECTATION de SUPERIORITÉ, ou bien, quand leur hôte ne peut

255 3338 2527 122 s’ empêcher de manifester une moue, et plus grave, s’il GASPILLE les aliments

258 3503 2578 121 naturels, qu’il lui offre de tout son cœur... lui, depuis toujours SAIT

258 3656 2487 140 LE PRIX, les efforts, la constance, la sagacité, qu’il faut au paysan,

252 3820 2372 116 pour arracher à la terre et aux prédateurs... le RIZ QUOTIDIEN.

686 3976 2188 121 De même, il ne faut pas manifester son dédain, pour les rites

261 4138 2629 126 religieux, qu’il déploie si ingénument, en un mot, il faut toujours RESPEC-

258 4296 2506 113 -TER SON PROCHAIN. Et quand il remarque avec quelle désinvolture

261 4447 2538 137 la plus-part des blancs, gaSPILLENT, les DONS DE DIEU, mais aussi

269 4606 2557 199 de leur SUEUR et de leurs peines, alors, on ne peut lire dans leurs

2758 4689 151 113 yeux

2707 193 67 140 6
