3001 4843
495 121 2056 137 Ces >< lignes précédentes, m’ont suggéré en 1932 les quelques

339 285 2516 140 réflèxions que je formule maintenant : la diversité incalculable des peuples ou

339 449 2583 124 Ethnies, qui se sont établies sur terre, si elle facilite les adeptes de la méthode

341 589 2506 145 "DIVISER POUR REIGNER", par contre devient un véritable PUZZLE pour ceux

344 769 2508 121 dont la responsabilité première est d’ASSURER LA PAIX, et donc l’ORDRE....

336 914 2498 143 .... Même en supposant, que ces "Responsables" soient honnêtes et loyaux. ( Ce

341 1076 2520 150 qui n’est presque jamais le cas, puisque la puissance est le fruit par excellence

336 1237 1165 137 de la DEMAGOGIE et de la perfidie).

694 1396 2129 145 En fin de compte, d’analyse, les expériences de mon voyage, m’ont

328 1557 2522 135 CONVAINCU, qu’aucune doctrine, aussi belle peut-elle paraître, ne pourra JAMAIS

333 1724 2517 129 devenir UNIVERSELLE, SURTOUT à cause des trop grandes DIVERSITES humaines,

333 1878 2484 142 des peuples qui >y< vivent sur notre terre.---. et qui n’EVOLUENT pas à

339 2050 2538 123 un rythme suffisamment synchronisé, même et surtout dans notre temps moderne.

675 2214 2242 116 Et c’est pour cette cause PRIMORDIALE, que la "REVOLUTION ou REPUBLI-

333 2370 2498 126 -que UNIVERSELLE" prônée par quelques grands "PENSEURS" n’est qu’une vaste

347 2531 2476 113 erreur et surtout UN LEURRE. Aucune REVOLUTION, aucun moyen VIOLENT, ne

344 2685 2465 110 réussira à changer, le maintien des hommes, comme sous les effets d’un coup de

339 2841 2592 129 baguette magique. Trop d’esprits restent encore incultes et ont évolué, d’une manière

341 2991 2431 138 différente. Plus exactement, ils ne désirent ni ne peuvent atteindre un niveau

341 3158 2541 129 intellectuel "modele standard", comme tendraient les exigences modernes. Certes, la

339 3330 2592 121 société doit tendre, viser, à une plus grande égalité de fait pour tous ses membres

336 3476 2581 126 ---. Certes, si les HOMMES VEULENT éliminer les guerres, ils devront choisir des méthodes

339 3648 2565 113 moins coercitives, dans les rapports non seulement entre nations, mais et surtout entre hom-

347 3801 2514 116 -mes, entre humains. L’émancipation de l’humanité, selon mon expérience est

339 3960 2562 121 avant tout une question D’EDUCATION, de culture cerébrale, avant, le développe-

333 4121 2552 124 -ment de l’instruction, comme le formule ce proverbe : - "science sans conscience

352 4280 2444 116 est la dégradation de l’esprit". Et c’est hélas bien vrai : Instruire aux hommes

355 4442 2460 123 à se Tolérer, les uns les autres, à chasser la haine, les préjugés, à s’entraider,

2407 4524 404 113 ( idéale du

343 4584 2079 124 au lieu de maintenir les conflits ou luttes STERILES, voila la voie

2439 4596 412 121 {progrès avenir

2325 4686 517 105 vers la PAIX.

2710 169 105 153 4
