3001 4843
226 107 2083 156 que mépris, dégout qui aura vite fait de se changer en haine

543 263 2137 145 Et c’est pourquoi, l’ hospitalité rituelle et naturelle que ce

220 422 2619 172 simple paysan m’a offerte, m’est allée au cœur, comme un témoignage

236 586 2452 156 spontané, de cette fraternité humaine, qui hélas échappe de plus en plus

242 769 1364 118 à l’homme civilisé du vingtième siècle.

261 982 2029 131 M^F 32^E.P.27 à 29.  XENOPHOBIE ? POURQUOI ?

581 1178 2018 97 ----- Ici, je me sens dans une AMBIANCE INDESCRIPTIBLE.

495 1312 2121 154 Une nouvelle fois je goûte l’ intimité d’une vie familiale. En

239 1490 2401 132 conversant, par geste, avec ces hommes frustres, je ne peux m’empêcher de

236 1657 2487 124 me rappeler, des soirées similaire passées avec des paysans gascon, à l’

236 1808 2606 129 occasion des moissons ou des vendanges. Hélas combien je regrette maintenant

236 1969 2598 121 de ne pas être poète, et de n’avoir pas su immortaliser ce>tt< incontestable

239 2120 2301 153 sentiment de solidarité humaine, dans cette bienfaisante nature.

519 2289 2288 121 ---- Ces réflexions retrospectives, me remettent en memoire des détails

247 2437 2519 156 que j’aurais pu négliger. Juste avant le repas du soir, le père est allé

242 2607 2573 134 se prosterner devant cette icône, les bras levés, le corps incliné. Bien que je

234 2755 2557 145 suppose qu’il pratique un rite mahométant, quand je le remarque ainsi

242 2924 2573 132 recueilli comment ne pas retrouver dans cette prière au Tout puissant, des

263 3067 2503 150 gestes analogues à ses frères chrétiens sovietiques, ou à tous ces humbles

252 3225 2635 143 chinois, prosternés devant l’ autel des ancètres où clignote une humble bougie

247 3379 2562 156 vascillante, symbole de leur humilité, face à le’ inconnue REDOUTÉE du

242 3556 2645 143 DIEU UNIVERSEL.---- Je vous ai souvent témoigné, cher lecteur, combien

236 3723 2665 124 mon sommeil est léger.… Rappelez-vous la course à pied de Sverdlovsk

236 3863 2595 145 il y a deux ans !!.… Cette nuit, donc, vers les 2 heures, un bruit très

242 4038 2637 143 discret me réveilla. J’aperçus l’ombre de mon hôte, pénétrer sur la pointe

244 4181 2625 164 des pieds nus dans le "grenier", qui me servait de chambre à coucher

602 4350 2302 145 Il vint se prosterner, devant les récipients en osier, qui contenaient

263 4522 2624 132 sa récolte annuelle de riz..... Et il se mit à prier très discrètement

2710 165 105 165 7
