3092 4819
726.0 48.0 1412.0 115.0 Voilà pourquoi quand je l’ai connu il vivait

348.0 152.0 1747.0 155.0 misérablement d’expédients et de marché noir. J’ajoute que

340.0 243.0 2612.0 193.0 le seul fait que je le frequentai, me rendait suspect moi-même. Dans mon idée

361.0 353.0 2583.0 211.0 la possession d’un vélo devait lui permettre une circulation plus facile, au moins l’été

699.0 465.0 2216.0 196.0 Qu’est-il devenu, lui et mon vélo ? Qu’est devenu la famille Mayzlis ?

632.0 602.0 2328.0 185.0 C’était des Juifs, et bien qu’officiellement, il n’y avait pas de xenophobie raciste,

383.0 730.0 2510.0 180.0 d’après la presse bien pensante et bien informée occidentale, il paraît qu’"on"

380.0 837.0 2548.0 201.0 persécute les juifs maintenant en URSS. Tout ce que m’ont confirmé mes correspon-

340.0 974.0 2518.0 195.0 -dants esperantistes, c’est que l’on "persécute", non pas les Juifs en tant que tels, ni

345.0 1124.0 2497.0 166.0 tous les autres "libres-penseurs" antiorthodoxes, le régime se défend, de TOUS les opposants

356.0 1250.0 2524.0 174.0 agissants, et dont les agissements s’opposent aux Lois en vigueur. Je suppose, que tous

361.0 1370.0 2546.0 190.0 mes anciens amis espérantistes que j’ai eu la joie de connaître et fréquenter, et qui

359.0 1539.0 2593.0 155.0 même avaitent soutenu les sociaux-révolutionnaires, n’avaient vraisemblablement pas PREVU

361.0 1686.0 2578.0 147.0 toutes les conséquences, mais surtout toutes les servitudes qu’imposeraient aux nouveaux

369.0 1799.0 2599.0 163.0 gouvernants, les difficultés intérieures et étrangères. En particulier, que, quand un vaisseau

375.0 1903.0 2591.0 177.0 est en train de couler, le "salut commun" s’impose devant la "priorité des libertés

361.0 2034.0 2621.0 158.0 individuelles. Que les "Révolutionnaïres de tous poils" et les écervelés qui les suivent aveuglé-

353.0 2149.0 2500.0 174.0 -ment y réfléchissent un peu. En "socialismes" peut-être plus qu’ailleurs, ceux qui

361.0 2267.0 2546.0 171.0 sèment le vent, récolteront la tempête, avec beaucoup plus de chance. Et je concluerai

372.0 2390.0 2497.0 153.0 donc ce chapitre par cette évidence : - Pendant les guerres ou les Révolutions, il

364.0 2513.0 2443.0 148.0 arrive souvent, qu’un tel qui croit mourir pour son idéal, ne CREVE que pour des

359.0 2626.0 2285.0 158.0 intérêts qui lui sont souvent étrangers, sinon ANTAGONISTES. Mais qu’y faire ?

388.0 2800.0 2261.0 123.0 P.229-236 - des Extraits en Esp°  SOUVENIRS DE LA VILLE DE TCHITA.

388.0 2928.0 319.0 121.0 15^F p 62^F.

1098.0 2912.0 1868.0 177.0 Pendant deux jours, j’ai donc eu la grande joie de revivre

391.0 3038.0 2529.0 182.0 dans l’ambiance familiale d’un juif et d’un opposant au régime. Il faut être proscrit,

356.0 3148.0 2596.0 198.0 exilé ou prisonnier, pour goûter vraiement l’ambiance fraternelles, et les plaisirs intimes, que

348.0 3271.0 2449.0 182.0 l’être humain peut ressentir, entre bons amis ou bons parents. En dépit des différences

356.0 3405.0 2572.0 153.0 presque diamétralement opposées entre les receptions de mes amis Esperantistes japonais et ceux-ci

359.0 3517.0 2529.0 161.0 sovietiques l’amitié sincere qui se dégageaient aussi bien des uns que des autres, offre

350.0 3643.0 2147.0 145.0 un grand réconfort en ce qui concerne les comportements des hommes.

677.0 3772.0 2176.0 126.0 -----. Le matin de très bonne heure, le train quitta la gare de

345.0 3898.0 2503.0 136.0 TCHITA, mais après avoir parcouru quelques kilomètres, il s’arrêta de nouveau devant

337.0 4015.0 1935.0 134.0 un pont écroulé pendant la nuit. .... Pourquoi ? Comment ?

908.0 4136.0 1739.0 128.0 Je me rappele de charpente metallique affaissée, de wagons

348.0 4288.0 2620.0 124.0 couches sur le ballast, et même après un quart de siècle, mon coeur se serre de nouveau

345.0 4414.0 2487.0 123.0 devant ce spectacle désolant. Pendant notre nouvelle halte forcée le train s’est

340.0 4559.0 2387.0 144.0 arrêté comme par hasard bien en face de la ville de TCHITA au nord.

2303.0 52.0 640.0 136.0 MF N° 15^F page 62
