3092 4819
728 96 1482 120 Comme à ZILOVA, la voie est en remblai et

367 214 2398 134 domine toute la ville. Depuis mon compartiment je vois parfaitement la rue

356 337 2575 128 ARGUNSKAYA où logent mes amis. [ L’ARGUNS est la rivière frontière juste en face la

356 471 1808 150 ville de MANDCHOURIA. [ Relire MF N° 5 F pages 1-2-3 et 37.38.]

602 677 2291 166 .... A partir de TCHITA, et jusqu’à KAZAN, je vais refaire en sens

340 811 2526 131 inverse le chemin parcouru à vélo sur les rails, deux ans auparavant. En cette

345 934 2468 134 saison printanniere la "mer" du Baïkal exhibe la luxuriancé de sa flore

350 1054 2439 156 renaissante littéralement à vue d’oeil. Ses eaux d’une limpidité surprenante,

353 1188 2481 147 ressemblent à un vaste miroir, où depuis la voie férrée, construite en corniche

353 1335 2425 124 on apperçoit nettement, les cimes encore enneigées, se mirant au soleil.

814 1461 2087 123 Vraiement, en sortant des steppes couvertes de frimas, de l’extrême

356 1582 2564 134 orient cette région m’apparait comme une des plus belles, parmi celles que j’ai

350 1702 2522 134 eu la joie de visiter. Le terme OASIS convient parfaitement à cette région.

876 1812 2060 142 Je ne me rappelle nettement que l’incident suivant : au milieu

364 1903 2559 150 de la plaine verdoyante à demi déserte notre train s’arrête, et tous descendent

369 2029 1806 120 pour se rendre compte du motif de cet arrêt inopiné.

833 2144 2068 187 Devant la locomotive fumante, j’apperçois le corps mutilé d’une

377 2272 2449 174 jeune fenme.... Ses jambes ont été sectionnées juste au dessous du tronc

361 2433 2460 145 un corps d’ivoire tout nu, où s’exhibent sans pudeurs, deux magnifiques

350 2578 2554 144 seins bien ronds, d’une vierge, vraissemblablement. ⋎ Le visage est exhangue et......

1773 2535 445 94 comme son corps

369 2695 2455 140 déjà l’équipe de secouriste est là avec la police, et nous fait circuler....

736 2819 2149 158 Brr ! Cette vue me fait immédiatement penser, que vraîment,

353 2944 2538 142 nous sommes bien peu de chose sur terre ! Quel drame s’est-il déroulé là ?

364 3073 2585 166 Pourquoi ? ..... Mais jusqu’à maintenant, je garde au fond de ma mé-

332 3201 2634 188 -moire cette impression navrante de la mort... de la mort à la fleur de l’âge.

610 3343 2222 148 .... Voici de nouveau Irkoutsk. La petite gare - de transit - se

342 3467 2573 163 mire maintenant dans les flots verts torrentueux du fleuve ANGORA. A la gare

345 3619 2564 142 au buffet, personne ne me reconnaît, ni moi non plus je ne reconnait personne

736 3748 2066 184 En un éclair je revois mes amis ésperantistes M.N. et Filipov. [ Je

350 3868 2565 155 correspond toujours avec ce dernier, mais il n’a pas pu me faire savoir, ce qu’étaient

348 3999 2564 166 devenu M et N. et S. Je précise qu’en Janvier 1928, le thermometre exterieur de la

356 4122 1136 140 gare marquait... moins 52 degrés.

329 4240 351 78 PAGE 230 E

503 4294 2463 168 NOUS APPROCHONS DE MOSCOU - UN SENTIMENT INCONNU : LA NOSTALGIE.

645 4462 2294 132 KAZAN - Novossibirsk, capitale toute nouvelle de la Siberie occidentale

401 4588 2479 123 les monts Oural, (Ekaterinbourg - relire le courrier du TZAR de Jules verne -) maintenant

2507 4679 357 89 SVEDLOVSK

2333 50 611 164 MF N° 15F page 63
