3092 4819
369.0 56.0 1742.0 123.0 et du PERIL-JAUNE, l’URSS et la Chine, ont bel et

359.0 182.0 2486.0 131.0 bien remplacé l’angleterre et la France, sur "l’échiquier mondial", et ce, au prix

350.0 302.0 2487.0 155.0 de guerres impitoyables, sanglantes, destructrices et STUPIDES. Et hélas ces méthodes

361.0 436.0 2479.0 139.0 continuent. Lecteur, comprenez-vous pourquoi, la sardiné est devenue une affaire

356.0 575.0 2516.0 126.0 d’ETATS, et que le problême N°1 de l’humanite, qui conditionne tous les autres

364.0 709.0 2604.0 112.0 c’est CELUI DE LA FAIM DANS LE MONDE, illustrré aujourd’hui même 12 octobre 1983

356.0 808.0 2556.0 142.0 par les famines du Nordest Bresilien, faisant pendant à celles du Sahel africain

383.0 1025.0 2119.0 120.0 Page 228 E.  Suite du recit : -" DERAILLEMENT ? SABOTAGE ?

849.0 1153.0 2109.0 156.0 Nous étions à peine revenus dans notre wagon, que comme

377.0 1271.0 2538.0 174.0 sous l’effet d’une téléphone mystérieux, une rumeur se répand : -" Nous

393.0 1405.0 2562.0 161.0 sommes arrêtes sur une voie de garage pour un temps indéfini, parce que

359.0 1517.0 2574.0 188.0 la ligne est coupé à quelques kilomètres d’ici, pour cause de déraillement, d’un

375.0 1673.0 988.0 134.0 train nous ayant précédé.

876.0 1780.0 1913.0 144.0 ET VOICI MON COMMENTAIRE IMMEDIAT : 1932

777.0 1914.0 2116.0 168.0 Il est vraisemblable et plausible, que l’intrusion de la police

361.0 2034.0 2559.0 190.0 la nuit dernière dans notre train, était en relation de cause à effet, avec

393.0 2152.0 2487.0 193.0 cet "accident" ? Analysons le problème : Que le lecteur veuille bien se

369.0 2264.0 2532.0 209.0 figurer, cette vaste région marécageuse frontalière avec la Mandchourié. Sur ce

361.0 2372.0 2519.0 227.0 demi-désert marécageux, ont été posé, une paire de rails. La nuit la terre

375.0 2500.0 2537.0 212.0 reste gelée, mais le jour, elle mollit en surface sous l’effet de la chaleur

377.0 2612.0 2564.0 199.0 solaire. Ne serait-ce qu’à cause de ces sautes de températures, il se pro-

348.0 2714.0 2596.0 230.0 -duit des distortions et des affaissements plus ou moins accentués de la voie et des

375.0 2843.0 2580.0 217.0 rails. Ce seul phenomène naturel PEUT EXPLIQUER un déraillement. Mais en

350.0 2963.0 2648.0 241.0 plus il est tout autant plausible d’imaginer à un sabotage, ne serait-ce qu’a

369.0 3121.0 1865.0 188.0 cause des perquisitions policières, dont j’ai été témoin ?

779.0 3220.0 2200.0 185.0 Quoi qu’il en soit cet "incident" reflète parfaitement l "ambiance"

364.0 3338.0 2564.0 187.0 qui subsiste en URSS, 15 ans après le déclanchement de la REvolution. Et

375.0 3450.0 2529.0 188.0 c’est pour cela, que je ne cesserai de proclamer : Hommes, voulez-vous les paix

375.0 3539.0 2588.0 235.0 ou les guerres. ? Si vous voulez les paix, jetez-en les bases, préparez-lès !

779.0 3766.0 2157.0 161.0 ---. Quoi qu’il en soit, cette nouvelle est rapidement CONFIRMÉE

364.0 3876.0 2561.0 158.0 et de ce fait, TOUS les occupants de notre WAGON, et même du train entier

353.0 3967.0 2321.0 180.0 se dispersent dans la nature, ne serait-ce que pour "prendre l’air".

795.0 4061.0 2061.0 169.0 Je précise que le train est arrêté sur une crête, et que très

372.0 4149.0 2561.0 198.0 rapidement les rayons solaires réchauffent l’air sans nuages. Dans le bas de

345.0 4227.0 2599.0 243.0 la crête, existe la vallée d’une petite riviere encore à demi-gelée. Je n’ai pas

364.0 4329.0 2559.0 259.0 de peine à casser la mince couche de glace et torse nu, je me lave dans

367.0 4454.0 2486.0 244.0 cette eau fraiche, comme je le faisais 15 jours avant à Java. Les autres

1111.0 4586.0 1812.0 166.0 voyageurs voyant cela en firent autant, et pendant

2269.0 32.0 643.0 120.0 MF N°15F page 60
