2920 4802
322 56 700 109 TITRES DES ALINEAS

196 148 1342 172 PAGE 24 du mf (16) – CHINE – SHANGAY

176 364 1354 124 SĤANGAY LE 7-11-1930 M^r ITCHI-SUN parfait ESPERAN><

176 528 1322 124 DIVERSITE DES MONNAIES ET DES DIALECTES

1270 450 195 64 -TISTE.

180 696 1390 112 PROJET D’ ITINÉRAIRE SHANGAY-KANTON-INDOCHINE

180 848 1354 116 XÉNOPHOBIE SOIGNEUSEMENT CULTIVÉE ! POURQUOI ?

173 1005 1217 110 LE PREMIER FILM PARLANT : PRÉSENTE LA

184 1088 862 93 PROCHAINE GUERRE MONDIALE.

192 1253 1294 102 LE "JOURNAL de SHANGAY" – ET MARIAGE CHINOIS

181 1405 1292 104 REPAS CHINOIS TYPE- ET CHINOISERIES... ?

944 1328 462 91 (Suite sur p. 25)

181 1568 1297 102 M^r SCHERER "GLOBE-TROTER" ESPERANTISTE USA.

178 1731 1279 101 ANNIVERSAIRE DE LA MORT DE SUN-YAT-SEN.

176 1888 1370 124 EXPLICATION – EXEMPLES – SUREXPLOITATION HUMAIND

178 2035 1316 125 LE CULTE DES ANCÊTRES (rel. mf (7) p.14-18]

178 2208 1330 102 MONUMENTS HISTORIQUES - (SUIVI de-) COLLECTES

186 2302 796 77 DES ORDURES PUBLIQUES

189 2395 1289 168 CHINE SUITE PAGE 25 du mf. (16)

189 2529 833 96 LE "COIN" DES ANCÊTRES

180 2693 1362 92 LES LOGEMENTS CHINOIS ET ART CULINAIRE

184 2825 1346 132 LA CALIFORNIE 1930 - PRÉSENTÉE PAR M^r SCHERER

180 2977 1237 124 LA TAUPE ? et UNE ÉCOLE MODERNE ?

192 3161 1262 104 MARIAGE A SHANGAY ... ET EN GASCOGNE.

184 3316 1316 106 XENOPHOBIE ET DIGRESSION NÉCÉSSAIRE ?

894 3246 512 94 (Suite de la p.24)

184 3481 1326 96 BATELLERIE, ET BATELIERS DU GRAND CANAL

944 3412 526 104 (suite de la page 24)

172 3633 1402 112 COMPORTEMENTS EDIFIANTS – HOSPITALITE INATTENDUE

192 3749 1213 148 ACTIONS REVOLUTIONNAIRES ? BANDITISME ?

202 3950 980 113 UN ESPERANTISTE AUTODIDACTE.

184 4081 1201 164 NANKIN CAPITALE DE LA CHINE 1930.

188 4281 1257 100 MADAME ET MONSIEUR L’AMBASSADEUR DE

188 4429 1274 124 FRANCE A NANKIN ME REÇOIVENT BIEN.

517 4609 910 160 LES CHINOIS NE SONT PAS

1673 64 654 114 TITRES DES ALINÉAS

1574 148 917 188 PAGE 26 >< DU mf (16) CHINE  49

1542 352 1261 124 24-11-1930 NANKIN : M^r L’AMBASSADEUR ME DIT :

1526 524 1301 120 CONFORT HÔTELIER MAIS... FAMINES ENDEMIQUES

1574 676 1229 124 LES CHINOIS PARLENT UN ESPERANTO IMPECCABLE

1538 860 1257 96 LA PENSÉE DE SUN-YAT-SEN : TRIPLE DEMISME =

1540 941 1251 83 MOT SAVANT QUE LES CHINOIS TRADUISENT PAR :

1550 1013 1236 99 "LES TROIS PRINCIPES DU PEUPLE".....

1526 1171 1300 106 ET MAUSOLÉES DE SUN ET DES PRÉDÉCESSEURS

1529 1325 1089 107 EVOLUTION OU REVOLUTION TECHNIQUE ?

1534 1475 1020 112 LE PILLAGE DES OEUVRES D’ART ?

1526 1648 1276 107 MODERNISATION et. { LE TRIPLE DEMISME.

2194 1568 619 104 ( ( Suite de 3 lignes AVANT

1529 1819 1305 91 LES RELATIONS SINO-JAPONAISES – HANKEOV

1550 1880 1053 112 28-11-1930. → LE YAN-TZE-KIANG.

1529 2054 1305 93 RECEPTION AU CONSULAT FRANÇAIS D’ HANKEOU

1529 2187 1286 117 PAGE 27 >< DU mf (16) CHINE CENTRALE

1540 2296 1275 83 M^r JO- DELEGUE D’UEA : (ASSOCIATION UNIVER-

1540 2368 1155 110 -SELLE DES ESPERANTISTE], TÉMOIGNE :

1529 2526 1305 104 QUEL EST L’ "ETAT D’ESPRIT" DE MES NOTAS ?

1550 2677 1277 108 VISITES ET IMPRESSIONS DES THÉATRES ET CINÉ

1534 2833 1281 116 NATIONALISME ? COMMUNISME ? OU ASSISTONS

1530 2921 1185 112 NOUS A UNE MUTATION UNIVERSELLE DES

1530 3005 584 108 PEUPLES AFFAMÉS ?

1529 3174 1177 96 LE TERRORISME ET SON AMBIANCE EST-IL

1566 3244 1036 96 EVITABLE ? LES NODULES MARINS.

1542 3397 1233 108 MON AIMABLE CICERONE EST LE CHEFI DE

1546 3485 697 112 LA POLICE URBAINE.

1610 3625 677 140 QUI AVAIT RAISON ?

1530 3797 1265 120 RÉCEPTION FRATERNELLE SUR LE REGULUS.

1526 3953 1269 132 UN PEU DE GEOGRAPHIE – BOMBARDEMENT

2207 3884 579 96 [ Suite du mf. (16) p.22]

1532 4127 1139 90 ARRIVEE A TCHANG-TCHA LE 17-12-1930

1534 4223 1012 88 ET TOUJOURS LES ESPERANTISTES

1534 4359 1153 98 MARIAGE EN CHINE ET DEMOCRATIE..

1542 4441 748 107 PROSTITUTION. (relire p.24)

1526 4585 829 200 DES SAUVAGES – (p. 27).

2571 136 152 212 49
