2985 4814
195.0 155.0 184.0 104.0 PAGES

189.0 299.0 209.0 126.0 44 à 46

288.0 401.0 38.0 88.0 3

192.0 700.0 182.0 147.0 48-49

278.0 815.0 64.0 80.0 3-

189.0 1267.0 177.0 88.0 1 et 2

240.0 1374.0 67.0 83.0 4

181.0 1733.0 190.0 120.0 2 à 5

232.0 1842.0 83.0 91.0 4

160.0 2286.0 209.0 157.0 5 à 6

256.0 2396.0 86.0 77.0 4

195.0 2535.0 174.0 134.0 7- et 8

216.0 2650.0 118.0 80.0 4.

203.0 2781.0 125.0 126.0 8/4

195.0 3105.0 128.0 112.0 9/4

168.0 3490.0 221.0 104.0 10 à 12

259.0 3573.0 75.0 107.0 4

176.0 3746.0 182.0 83.0 12 A 18

246.0 3805.0 82.0 131.0 4

152.0 4448.0 233.0 269.0 18/4

429.0 128.0 2231.0 140.0 PAYS DATES et TITRES DES ALINEAS. IDEES ET COMMENTAIRES DEVELOPPÉS

433.0 310.0 2297.0 101.0 TRAVAUX PUBLICS VOLONTAIRES. NÉCÉSSITE d’une reconstruction rapide et rationnelle

435.0 387.0 2459.0 118.0 STUPIDITE des guerres, quelles qu’elles soient - Priorité à l’analphabétisme et aux grands travaux d’interêt public

417.0 468.0 2273.0 115.0 VOLONTARIAT - Confiance à leurs dirigeants - qui souvent furent des apatres et des martyrs-

414.0 545.0 2490.0 128.0 Nécessite fait Loi - La faim justifie les moyens - Chacun sur terre est SOLIDAIRE d’AUTRUI, consciemment

441.0 706.0 2423.0 104.0 FIN DE MON DEUXIEME SEJOUR A MOSCOU - Exemples édifiants des Espérantiste Moscovites

435.0 786.0 2416.0 123.0 [URSS N°5] L’ALPHABETISATION. à NIJNI-NOVGOROD- oeuvre grandiose - qui étonnera le

414.0 866.0 2407.0 104.0 monde dans une génération -[ paroles sténographiées en 1929-] et toujours actuelles en 1984, où hier

414.0 949.0 2405.0 115.0 encore, la télé precisait : -"Pour éviter les licenciements chez Peugeot et chez Renault, l’analphabetisme

411.0 1026.0 2493.0 124.0 de O.S. émigrés ou non est INCOMPATIBLE, il faut organiser des cours d’instruction générale. 10-3-84

414.0 1174.0 2394.0 123.0 FIN DU MANIFOLD N°3 - DEBUT DU N° 4- S^T Cast le 10 mars 1984 [???]

435.0 1267.0 2295.0 102.0 Qu#’EST CE QU’UNE ISBA ? [Région de Moscou] Murs exterieurs en tronc de sapins.

433.0 1358.0 2137.0 99.0 L’exterieur est décoré de diverses fioritures, y compris la couverture en lattes de bois.

524.0 1425.0 2367.0 110.0 A l’intérieur, les sols peuvent etre en terre decorée, jusqu’à une varieté infinie de parquets peints

425.0 1504.0 2467.0 104.0 cirés ou édulcorés. Très confortables et adaptées au climat continental : fraiches l’été, chaudes d’hiver

518.0 1583.0 2373.0 131.0 Hélas tres faciles à incendier, mais fourneau remarquablement calculé pour bien chauffer sans risques

2401.0 1695.0 396.0 78.0 → anormaux.

417.0 1738.0 2388.0 128.0 VIE ET MOEURS DES PAYSANS EN 1929- Le foyer est un petit four familial de

409.0 1825.0 2451.0 104.0 boulanger qui sert à cuire TOUT et à chauffer la maison entière - La BORCHE ou soupe à la chou-

409.0 1909.0 2427.0 108.0 croute, plat national délicieux et très nourrissant. Peu de fromages et peu de viande hormis volaille.

409.0 1973.0 2435.0 117.0 Peu de légumes frais - mais tous les légumes secs, y compris le sarrasin, le tournesol, les graines de pin.

414.0 2070.0 2319.0 112.0 Habilles de peaux de fourrures. Espadrilles en écorces de bouleau l’été, bottes en cuir et en feutre l’hiver.

452.0 2150.0 2281.0 109.0 Charrues en bois tirée par un vieillard ou enfant - Immenses troupeaux de bétail et de chevaux.

427.0 2300.0 2469.0 123.0 QUEL VELO AVAIS-JE ? Un routier ordinaire, que je renforce et répare suivant les besoins

398.0 2390.0 2482.0 113.0 au début dérailleur- MODULES ? Le contraire du STANDARD - SELLE PNEUMATIQUE. 40K bagages

409.0 2543.0 2474.0 126.0 REPUBLIQUES AUTONNOMES : TCOUVACHE et TATARE CAPITALE KAZAN - (Relire le courrier

401.0 2645.0 1987.0 96.0 du TZAR de JULES VERNE] Ces paysans ne regrettent pas l’ex régime des TZAR.

409.0 2709.0 2329.0 112.0 A KAZAN, je construis un appareil pour rouler sur les rails de la voie ferrée DU TRANSSIBERIEN.

401.0 2867.0 2444.0 115.0 EXPERIENCE D’UN MOIS DE TRAVAIL. Un ouvrier nommé ROUCH et moi ; construisons

401.0 2952.0 2442.0 115.0 l’appareil dans un atelier de mecanique d’ETAT. Toujours épaulé par les esperantistes locaux.

413.0 3088.0 2415.0 121.0 EXCURSION EN BATEAU SUR LA VOLGA. au cours de laquelle, j’ai sauvé 2 jeunes filles et 2

417.0 3185.0 2483.0 108.0 garçons en danger de se noyer - PAR IMPRUDENCE - Colère subite de la VOLGA- La jeunesse est trop

413.0 3257.0 2471.0 120.0 souvent INCONSCIENTE des DANGERS - J’ai du m’ériger en "DICTATEUR"- Il faut savoir et vouloir

413.0 3337.0 2102.0 117.0 prendre ses responsabilités- J’avais été formé aux disciplines de la navigation fluviale.

405.0 3478.0 2439.0 140.0 BILAN et ETAT D’ESPRIT. En fait en 1929 L’URSS est à genoux. Moi même, je comprends

405.0 3590.0 2455.0 120.0 que je suis contraint de continuer coûte que coûte, n’ayant pas assez d’argent pour faire marche

398.0 3688.0 198.0 66.0 arriere.

422.0 3741.0 2429.0 107.0 QU#’EST-CE QU’UN "KOULAK" ? 11 Juin 1929- C’est un HOBEREAU TERRIEN, ou

398.0 3829.0 2442.0 91.0 GROS PROPRIETAIRE TERRIEN- C’étaient les Rois du marché noir, les spéculateurs et les USURIERS des

395.0 3907.0 2496.0 96.0 petits paysans. Je n’ai jamais vu de film trivial, porno ou amoral en URSS. Lenine et Staline

398.0 3984.0 2501.0 105.0 furent historiquement parlant de VISIONNAIRES de l’évolution nécessaire et impérative de la Societé

403.0 4065.0 2434.0 115.0 Russe - et furent SOUVENT incompris des humains, y compris et surtout dans leur propre

406.0 4140.0 2490.0 120.0 pays. Nul en effet n’est PROPHETE dans son pays. Leurs projets s’appuyaient sur l’accep-

398.0 4220.0 2453.0 101.0 -tation des masses ouvrières, de la SCIENCE et de la technique. Eliminer les KOULAKS en

393.0 4305.0 2434.0 107.0 tant que CLASSE - Les masses humaines sont trop souvent inconscientes surtout sur les moyens

395.0 4372.0 1204.0 121.0 et méthodes de faire "leur" propre bonheur.

401.0 4541.0 2439.0 128.0 ATTEINDRE ET DEPASSER LE NIVEAU DES PAYS CAPITALISTES. Repartir de

395.0 4632.0 1747.0 163.0 zero. et modifier l’état d’esprit de l’homme - ONT-ILS RÉUSSI ?

2677.0 195.0 136.0 131.0 12
