2985 4814
184.0 171.0 174.0 93.0 PAGES

181.0 270.0 169.0 157.0 19/4

184.0 949.0 209.0 94.0 20 à 22

243.0 1059.0 102.0 64.0 4

179.0 1500.0 190.0 126.0 22/4

176.0 1904.0 206.0 96.0 23 à 25

235.0 2027.0 115.0 69.0 4.

179.0 2786.0 184.0 89.0 25-26

251.0 2856.0 86.0 144.0 4

189.0 3145.0 190.0 163.0 27/28

286.0 3276.0 77.0 99.0 4.

181.0 3661.0 196.0 93.0 28-29

224.0 3736.0 104.0 123.0 4.

176.0 4054.0 201.0 126.0 29 à 31

235.0 4156.0 83.0 107.0 4

422.0 155.0 2311.0 117.0 PAYS DATES ET TITRES DES ALINEAS IDEES ET COMMENTAIRES DÉVELOPPÉS

411.0 307.0 2362.0 104.0 U.R.S.S. 1929-1930 - L’ALCOOLISME ? Sujet hélas toujours d’actualité surtout en

401.0 393.0 2463.0 99.0 FRANCE 1984, qui bat tous les records de l’alcoolisme et..... de l’analphabétisme, suivant des thèmes

414.0 468.0 2442.0 112.0 "actuels" developpés par la RADIO- De plus en plus en "occident" cette "DROGUE" "PRIMAIRE" est du

395.0 553.0 2504.0 110.0 reste rattrapée et depassée par les "DROGUES" DURES : cocaïne, morphine, hachys ; OPUM etc... (voir drogues)

468.0 636.0 2439.0 102.0 Le nouveau régime a mis la lutte antialcoolique et donc antidrogue sur les programmes PRIORITAIRES

425.0 716.0 2458.0 105.0 La VODKA est justement un des atouts des koulaks, car il existe des reséaux clandestins de distille-

401.0 796.0 1225.0 99.0 -ries du blé, matière première de la VODKA.

438.0 949.0 2453.0 118.0 JE ROULE SUR LES RAILS LE 22 JUIN 1929. - Nécessité fait Loi- J’ai été inventeur par

414.0 1045.0 2405.0 83.0 le besoin de pouvoir rouler à bycyclette, puisque il n’y avait pas de voies terrestres carrossables

419.0 1112.0 2467.0 118.0 ... Et c’est pourquoi, j’avais appris des notions de battelerie, mais aussi de mecanique, de forge et de sténo (page 21)

435.0 1206.0 2424.0 101.0 ET LE PERMIS DE ROULER ? Je suis déjà célebre grace aux esperantistes, qui avaient mobilisé

406.0 1278.0 2450.0 93.0 la presse locale. Mademoiselle KISSILOVA, esperantiste réussit à convaincre les autoritéd locales TATARES

403.0 1355.0 2359.0 99.0 de m’accorder un permis de rouler sur les rails- valable sur le territoire de la REPUBLIQUE TATARE.

401.0 1503.0 2431.0 112.0 DÉPART DE KAZAN ET PREMIER ACCIDENT. Je suis photographié par le journal local

401.0 1593.0 2471.0 110.0 et avec cette photo je fais éditer des milliers de cartes que je distribue et vends, en cours de route

449.0 1668.0 2362.0 118.0 Premier accident au bout de 25 à 30 kilomètres. Ces forgerons des campagnes sont de veritables

403.0 1754.0 1429.0 115.0 prestidigitateurs professionnels, et ce dans TOUS LES PAYS.

414.0 1909.0 2450.0 112.0 PARLONS DE MON APPAREIL. Triangulation rigoureuse des roues-Roulettes profilées comme celles

398.0 1992.0 2415.0 104.0 des WAGONS - et montées sur roulements à billes- Le tout facilement démontable et emballable.

403.0 2080.0 2488.0 110.0 Poids net du vélo : 15kg.+ poids appareil 10 kilos + 40 à 50 kg de bagages + mon poids 70 kilos = 135 kg~

429.0 2154.0 2431.0 104.0 J’y adapterai une voile et pourrait parcourir 150 km par jour en moyenne ; j’ai en permanence un

398.0 2235.0 2397.0 99.0 fanion rouge par mesure obligatoire de sécurité. Le gros danger ce sont les rails humides, et

395.0 2316.0 2472.0 107.0 paradoxalement peut-être, pas la gelée. Un jour sur deux les vents me poussent. Mon passage est

414.0 2401.0 2423.0 102.0 signalé minute par minute, par téléphone des garde-voie. [Paradoxalement, même jusqu’au

409.0 2473.0 1289.0 102.0 Japon - je vais bientôt en administrer les preuves]

446.0 2548.0 2405.0 105.0 Le Transsibérien’a été construit par des techniciens français avec des capitaux français, dont le

403.0 2628.0 2437.0 115.0 contentieu est toujours en litige dans les relations franco-sovietique. [ LIRE DIGRESSION MF N°(17)

409.0 2752.0 2455.0 139.0 DEUXIEME TRES GRAVE ACCIDENT lundi 1er Juillet 1929, ai 100 km avant d’arriver dans

2078.0 2715.0 224.0 109.0 p. 25]

401.0 2869.0 2452.0 107.0 la capitale de l’Oural SVERDLOVSK eks EKATERINBOURG - Un ancien soldat Russe en FRANCE

398.0 2952.0 2423.0 94.0 de la guerre 14-18. me conduit chez un forgeron, pour réparer mon appareil- La rue devant cet

390.0 3022.0 2260.0 120.0 artisan se remplie de Badaud, il fallut disperser la foule, à coup de sceaux d’eau.

414.0 3171.0 2370.0 115.0 Les locomotives sont chauffées au bois. Cette region fut et reste une zone de maquis.

409.0 3257.0 2475.0 104.0 Les ouvrages d’art et les trains sont gardés militairement- C’est ici a SVERDLOVSK que

401.0 3337.0 2359.0 118.0 fut éxécutée la famille TZARISTE. anniversaire de la libération regionale. Tous les

401.0 3447.0 2327.0 85.0 villages sont en liesse. JE TRAVERSE UN VILLAGE dans LEQUEL la population

395.0 3503.0 2116.0 120.0 entiere GIT IVRE MORTE SUR L’UNIQUE RUE. Quel spectacle édifiant

411.0 3666.0 2381.0 96.0 L’ÉXECUTION DU TZAR NIKOLAS 2 ET DE SA FAMILLE Exécuté sur ordre

403.0 3736.0 2453.0 117.0 des autorites locales parce que la ville etait encerclee par les "BLANCS". Ceux-ci effectivement s’en

393.0 3829.0 2506.0 99.0 emparerent le lendemain, et y commirent des REPRESAILLES TERRIBLES (manifold Esperanto N°10 p.81-]

406.0 3902.0 2204.0 112.0 ( Sur ce même manifold, lire la narration d’une course folle entre voleurs et volés)

409.0 4049.0 2450.0 131.0 UN PEU D’HISTOIRE CAUSÉE PAR UNE NOUVELLE INQUIETANTE 27 Juillet

385.0 4152.0 2423.0 104.0 1929 - "La Chine OCCUPE LES CHEMINS DE FER DE MANDCHOURIE. Pouvu que

2551.0 4128.0 44.0 64.0 r

401.0 4222.0 2439.0 99.0 cela n’affecte pas mes projets ? Et annule mon voyage à Moscou- Conflit SECULAIRE

403.0 4303.0 2341.0 99.0 entre les Impérialismes Russe - Japonais - Chinois et USA- Et CONDITIONNE TOUJOURS

406.0 4388.0 2439.0 97.0 LA PAIX PLANETAIRE EN CETTE FIN DU 20 ième siècle. La destruction du

409.0 4460.0 2450.0 118.0 Boieng 745 au dessus du KAMTCHATKA EN 1983 en est l’illustration la plus

403.0 4546.0 589.0 123.0 édifiante et concrète-

2672.0 208.0 120.0 120.0 13
